timestamp,price,quantity,buyer_id,seller_id,is_toxic,buyer_type,seller_type
0,250.625,2,6,1,False,uninformed,market_maker
1,251.50218750000002,2,9,1,False,uninformed,market_maker
2,251.37643640625,2,1,9,False,market_maker,uninformed
2,250.2490625,1,1,9,False,market_maker,uninformed
3,250.93862191203127,1,1,12,False,market_maker,uninformed
4,252.19582943664065,2,14,1,False,uninformed,market_maker
4,252.1961437385218,1,14,1,False,uninformed,market_maker
6,251.50422361089605,2,1,6,False,market_maker,uninformed
6,251.31581544245125,1,1,6,False,market_maker,uninformed
7,252.1961437385218,1,8,1,False,uninformed,market_maker
7,252.38536953946274,2,8,1,False,uninformed,market_maker
9,251.6927891656149,2,1,3,False,market_maker,informed
9,251.31581544245125,1,1,3,False,market_maker,informed
9,251.12658964151032,1,1,3,False,market_maker,informed
10,252.35382124104203,1,15,1,False,uninformed,market_maker
11,251.12658964151032,1,1,15,False,market_maker,uninformed
11,251.110854927673,2,1,15,False,market_maker,uninformed
12,251.97592013448298,2,4,1,True,informed,market_maker
12,252.35382124104203,1,4,1,True,informed,market_maker
12,252.36955595487936,2,4,1,True,informed,market_maker
12,252.5736523565776,2,4,1,True,informed,market_maker
12,252.63394734375,1,4,1,True,informed,market_maker
12,252.63394734375,1,7,1,False,uninformed,market_maker
12,252.76300350884847,2,9,1,False,uninformed,market_maker
12,252.9525128351125,1,9,1,False,uninformed,market_maker
13,252.9525128351125,1,2,1,True,informed,market_maker
13,253.78770652772874,2,2,1,True,informed,market_maker
15,255.94490203321442,2,1,1,False,market_maker,market_maker
16,254.6759635005758,1,1,6,False,market_maker,uninformed
16,254.6759635005758,1,1,12,False,market_maker,uninformed
16,252.52758881905083,1,1,12,False,market_maker,uninformed
19,256.7891086931579,2,1,1,False,market_maker,market_maker
21,257.4577371004386,1,1,7,False,market_maker,uninformed
21,256.66390168981303,2,1,7,False,market_maker,uninformed
22,257.4805714454137,2,5,1,False,uninformed,market_maker
22,257.9446596822772,1,5,1,False,uninformed,market_maker
22,257.9446596822772,1,7,1,False,uninformed,market_maker
24,258.0331468479034,1,1,1,False,market_maker,market_maker
25,257.77287178025875,1,1,4,True,market_maker,informed
25,256.50049686922085,1,1,4,True,market_maker,informed
25,255.51408829249675,1,1,4,True,market_maker,informed
27,257.9353912387946,1,1,10,False,market_maker,uninformed
27,257.1374145680369,1,1,10,False,market_maker,uninformed
27,255.51408829249675,1,1,10,False,market_maker,uninformed
27,258.5235907278258,2,12,1,False,uninformed,market_maker
27,252.52758881905083,1,1,15,False,market_maker,uninformed
29,255.32435291458737,1,1,4,False,market_maker,informed
29,254.74408090260872,1,1,4,False,market_maker,informed
29,251.09457063604683,2,1,4,False,market_maker,informed
29,250.93862191203127,1,1,4,False,market_maker,informed
29,250.9383076101501,2,1,4,False,market_maker,informed
29,250.71729915479023,1,1,4,False,market_maker,informed
30,256.3243709797071,1,5,1,False,uninformed,market_maker
30,257.0217700974342,1,5,1,False,uninformed,market_maker
30,258.6993963288568,1,5,1,False,uninformed,market_maker
32,255.7275951749116,1,10,1,False,uninformed,market_maker
32,255.73397519457578,1,10,1,False,uninformed,market_maker
35,257.63049166886526,1,6,1,False,uninformed,market_maker
35,257.8790467101579,1,6,1,False,uninformed,market_maker
35,259.0003861638966,1,13,1,False,uninformed,market_maker
35,259.3334401554511,1,13,1,False,uninformed,market_maker
38,259.4797237335552,1,11,1,False,uninformed,market_maker
38,259.5304275756036,1,11,1,False,uninformed,market_maker
38,259.97631628271927,1,11,1,False,uninformed,market_maker
39,260.2533782802848,1,13,1,False,uninformed,market_maker
39,261.42226608996145,1,13,1,False,uninformed,market_maker
42,263.74028217985403,1,1,1,False,market_maker,market_maker
42,263.4053133076945,1,1,4,False,market_maker,informed
42,261.97989492705847,1,1,4,False,market_maker,informed
42,259.67918765817626,1,1,4,False,market_maker,informed
42,258.51362395778165,1,1,4,False,market_maker,informed
42,257.7356324360025,1,1,4,False,market_maker,informed
42,256.1379235406056,1,1,4,False,market_maker,informed
42,255.8729751151143,1,1,4,False,market_maker,informed
42,253.99009014377523,1,1,4,False,market_maker,informed
43,260.87241855433973,1,5,1,False,uninformed,market_maker
43,265.206324773306,1,5,1,False,uninformed,market_maker
44,264.1305886335944,1,7,1,False,uninformed,market_maker
46,265.8503273015846,1,12,1,False,uninformed,market_maker
46,265.9243315200513,1,12,1,False,uninformed,market_maker
46,266.6461120547063,1,13,1,False,uninformed,market_maker
50,268.84847759838664,1,2,1,True,informed,market_maker
50,270.02236096673636,1,2,1,True,informed,market_maker
50,270.6174593644748,1,2,1,True,informed,market_maker
52,271.2833484559796,1,1,11,False,market_maker,uninformed
52,268.7274900257761,1,1,11,False,market_maker,uninformed
53,271.035669259776,1,1,7,False,market_maker,uninformed
53,268.0802923271992,1,1,7,False,market_maker,uninformed
54,271.9307821965483,1,3,1,True,informed,market_maker
54,272.94999921332965,1,3,1,True,informed,market_maker
54,273.19897978534374,1,3,1,True,informed,market_maker
55,273.7282012403004,1,1,12,False,market_maker,uninformed
55,270.021952779231,1,1,12,False,market_maker,uninformed
55,266.84356151951835,1,1,12,False,market_maker,uninformed
56,272.2294996366849,1,15,1,False,uninformed,market_maker
56,275.67494710802583,1,15,1,False,uninformed,market_maker
57,278.1022450218699,1,4,1,True,informed,market_maker
60,278.5100015588853,1,1,5,False,market_maker,uninformed
60,276.00439866526204,1,1,5,False,market_maker,uninformed
60,270.2611958718954,1,1,5,False,market_maker,uninformed
61,274.8956128244596,1,11,1,False,uninformed,market_maker
61,280.75361318009516,1,11,1,False,uninformed,market_maker
62,283.37404784063773,1,2,1,True,informed,market_maker
64,286.21436575930466,1,10,1,False,uninformed,market_maker
64,287.7851624384649,1,10,1,False,uninformed,market_maker
66,290.95385678261215,1,3,1,False,informed,market_maker
66,292.8498040133338,1,3,1,False,informed,market_maker
67,296.37173894944885,1,4,1,False,informed,market_maker
71,297.3863136803929,1,1,15,False,market_maker,uninformed
71,293.7206161374188,1,1,15,False,market_maker,uninformed
72,300.09911204169595,1,4,1,True,informed,market_maker
72,290.2272529332222,1,1,15,False,market_maker,uninformed
72,288.35767520601775,1,1,15,False,market_maker,uninformed
72,285.21430642519897,1,1,15,False,market_maker,uninformed
76,288.2387964267623,1,3,1,True,informed,market_maker
76,290.1416484857661,1,3,1,True,informed,market_maker
76,290.9117529449884,1,3,1,True,informed,market_maker
79,294.5417703549072,1,6,1,False,uninformed,market_maker
79,296.75465565155133,1,6,1,False,uninformed,market_maker
83,300.75820563021614,1,1,1,False,market_maker,market_maker
85,303.1660874290363,1,1,1,False,market_maker,market_maker
86,304.518966631813,1,1,1,False,market_maker,market_maker
86,305.73784964851683,1,2,1,True,informed,market_maker
86,307.02581947554813,1,2,1,True,informed,market_maker
86,307.7089055045373,1,2,1,True,informed,market_maker
87,309.43155009888096,1,1,5,False,market_maker,uninformed
87,303.03495672494574,1,1,5,False,market_maker,uninformed
87,300.47576321396076,1,1,5,False,market_maker,uninformed
87,297.7959348189629,1,1,15,False,market_maker,uninformed
89,306.74533054044434,1,11,1,False,uninformed,market_maker
89,309.24514728361686,1,11,1,False,uninformed,market_maker
89,312.14043902028436,1,11,1,False,uninformed,market_maker
92,316.5930473437908,1,1,1,False,market_maker,market_maker
92,313.61849903816335,1,1,6,False,market_maker,uninformed
92,306.4585140860001,1,1,6,False,market_maker,uninformed
93,313.2575389087703,1,1,4,False,market_maker,informed
93,304.07179383417565,1,1,4,False,market_maker,informed
93,293.8289303989814,1,1,4,False,market_maker,informed
93,291.64541182924444,1,1,4,False,market_maker,informed
93,287.93203526812704,1,1,4,False,market_maker,informed
93,287.15264314889924,1,1,4,False,market_maker,informed
93,285.61238810073803,1,1,4,False,market_maker,informed
93,283.65084444821787,1,1,4,False,market_maker,informed
93,315.71033146316796,1,6,1,False,uninformed,market_maker
93,319.5949095589212,1,6,1,False,uninformed,market_maker
95,321.7312064265731,1,1,2,True,market_maker,informed
95,320.0451069272679,1,1,2,True,market_maker,informed
95,280.9407146513535,1,1,2,True,market_maker,informed
95,272.6940634204783,1,1,2,True,market_maker,informed
95,264.65443088856813,1,1,2,True,market_maker,informed
95,263.8610814155384,1,1,2,True,market_maker,informed
95,262.2026961141691,1,1,2,True,market_maker,informed
95,259.09640139542347,1,1,2,True,market_maker,informed
97,290.9168810083561,1,10,1,False,uninformed,market_maker
97,322.66025619572264,1,10,1,False,uninformed,market_maker
98,304.0227910086392,1,1,8,False,market_maker,uninformed
100,296.55417994745574,1,1,8,False,market_maker,uninformed
100,295.9622554365826,1,1,8,False,market_maker,uninformed
101,296.0039739682812,1,4,1,True,informed,market_maker
101,300.4262411897739,1,4,1,True,informed,market_maker
101,301.02709367215346,1,4,1,True,informed,market_maker
101,308.6060491645483,1,4,1,True,informed,market_maker
101,324.5090361935939,1,4,1,True,informed,market_maker
101,291.60133677490074,1,1,9,False,market_maker,uninformed
103,294.66315081103716,1,10,1,False,uninformed,market_maker
103,295.5471402634703,1,10,1,False,uninformed,market_maker
104,298.9459323765002,1,11,1,False,uninformed,market_maker
106,302.5332835650182,1,10,1,False,uninformed,market_maker
106,303.8946833410608,1,10,1,False,uninformed,market_maker
107,303.2868939743787,1,1,15,False,market_maker,uninformed
107,299.3903155049779,1,1,15,False,market_maker,uninformed
107,298.0490945793707,1,1,15,False,market_maker,uninformed
108,300.1248931794015,1,1,4,True,market_maker,informed
108,294.5127252725481,1,1,4,True,market_maker,informed
108,291.15999815169187,1,1,4,True,market_maker,informed
108,290.2891307594137,1,1,4,True,market_maker,informed
108,286.5920512609573,1,1,4,True,market_maker,informed
108,253.98371012411107,1,1,4,True,market_maker,informed
108,250.71729915479023,1,1,4,True,market_maker,informed
108,250.2490625,1,1,4,True,market_maker,informed
110,274.93122331853107,1,1,12,False,market_maker,uninformed
110,249.375,1,1,12,False,market_maker,uninformed
111,249.375,1,1,4,False,market_maker,informed
111,279.08635515709824,1,15,1,False,uninformed,market_maker
111,304.6425784756293,1,15,1,False,uninformed,market_maker
111,307.8453142244946,1,15,1,False,uninformed,market_maker
112,305.53647436781085,1,1,4,False,market_maker,informed
113,307.6752296883855,1,12,1,False,uninformed,market_maker
113,310.1541540811783,1,12,1,False,uninformed,market_maker
116,312.6353873138277,1,8,1,False,uninformed,market_maker
116,312.79170500748467,1,8,1,False,uninformed,market_maker
117,312.86931674238537,1,2,1,True,informed,market_maker
119,311.7708325713029,1,1,8,False,market_maker,uninformed
121,315.84157525143803,1,2,1,True,informed,market_maker
121,316.31651087425297,1,2,1,True,informed,market_maker
121,316.47325840194094,1,2,1,True,informed,market_maker
129,319.7962276151613,1,12,1,False,uninformed,market_maker
129,320.75561629800677,1,12,1,False,uninformed,market_maker
131,324.44430588543383,1,12,1,False,uninformed,market_maker
132,324.7862666248504,1,1,7,False,market_maker,uninformed
132,319.6329716409637,1,1,7,False,market_maker,uninformed
133,323.71028717599023,1,2,1,True,informed,market_maker
133,327.0223438989862,1,2,1,True,informed,market_maker
136,329.65718918591494,1,9,1,False,uninformed,market_maker
136,331.14106655660976,1,9,1,False,uninformed,market_maker
139,334.1397336012535,1,1,1,False,market_maker,market_maker
139,335.97923871765397,1,4,1,True,informed,market_maker
139,336.9005416748673,1,4,1,True,informed,market_maker
140,340.2881616406812,1,3,1,False,informed,market_maker
143,343.88573277706536,1,1,1,False,market_maker,market_maker
145,346.2950849279795,1,1,1,False,market_maker,market_maker
146,347.4993521611484,1,1,1,False,market_maker,market_maker
146,346.25788060540987,1,1,2,False,market_maker,informed
146,343.8426551191628,1,1,2,False,market_maker,informed
146,341.4546247672666,1,1,2,False,market_maker,informed
146,337.8926287508267,1,1,2,False,market_maker,informed
146,333.6080318943376,1,1,2,False,market_maker,informed
146,331.7849512440887,1,1,2,False,market_maker,informed
146,328.8032678364723,1,1,2,False,market_maker,informed
146,327.33069970714837,1,1,2,False,market_maker,informed
147,337.31926126386156,1,14,1,False,uninformed,market_maker
147,348.7108236220624,1,14,1,False,uninformed,market_maker
147,349.9307938058747,1,14,1,False,uninformed,market_maker
148,342.7426756597105,1,1,10,False,market_maker,uninformed
148,334.9592565205529,1,1,10,False,market_maker,uninformed
154,335.3158299289797,1,1,5,False,market_maker,uninformed
154,335.144185335543,1,1,14,False,market_maker,uninformed
154,334.8659243059603,1,1,14,False,market_maker,uninformed
155,334.41203466685846,1,1,4,True,market_maker,informed
155,334.3413424653308,1,1,4,True,market_maker,informed
155,333.29933972670847,1,1,4,True,market_maker,informed
155,321.5568910184306,1,1,4,True,market_maker,informed
155,315.99427612534953,1,1,4,True,market_maker,informed
155,315.0491287391322,1,1,4,True,market_maker,informed
155,311.6140850436149,1,1,4,True,market_maker,informed
155,311.1485355003023,1,1,4,True,market_maker,informed
156,320.09735866141597,1,1,12,False,market_maker,uninformed
156,308.2135233384808,1,1,12,False,market_maker,uninformed
156,308.1370665401114,1,1,12,False,market_maker,uninformed
158,312.7536114741878,1,1,15,False,market_maker,uninformed
158,307.98307500261006,1,1,15,False,market_maker,uninformed
158,303.09218257286835,1,1,15,False,market_maker,uninformed
160,299.7787756245514,1,1,10,False,market_maker,uninformed
164,298.21222043263197,1,3,1,True,informed,market_maker
164,299.86745034884797,1,3,1,True,informed,market_maker
164,303.37466769545665,1,3,1,True,informed,market_maker
164,316.27441708673507,1,3,1,True,informed,market_maker
164,323.2542843159277,1,3,1,True,informed,market_maker
164,336.4274014885169,1,3,1,True,informed,market_maker
164,337.69824677489686,1,3,1,True,informed,market_maker
164,337.7294423441479,1,3,1,True,informed,market_maker
164,338.25051025172587,1,12,1,False,uninformed,market_maker
164,338.49866709921486,1,15,1,False,uninformed,market_maker
164,338.60625744896447,1,15,1,False,uninformed,market_maker
165,322.9557414451223,1,14,1,False,uninformed,market_maker
166,319.27077506400013,1,1,2,False,market_maker,informed
166,296.3925343683847,1,1,2,False,market_maker,informed
166,294.7683343686559,1,1,2,False,market_maker,informed
166,345.83398214073776,1,9,1,False,uninformed,market_maker
166,350.53268753166043,1,9,1,False,uninformed,market_maker
168,353.14141064051296,1,3,1,True,informed,market_maker
168,353.1616826881479,1,3,1,True,informed,market_maker
168,347.9239644228079,1,1,4,False,market_maker,informed
169,350.70735613819033,1,9,1,False,uninformed,market_maker
170,348.4277583232921,1,1,4,False,market_maker,informed
170,347.90369237517297,1,1,4,False,market_maker,informed
171,346.96651942359205,1,1,7,False,market_maker,uninformed
171,345.4884966718482,1,1,7,False,market_maker,uninformed
172,347.73417190021524,1,2,1,True,informed,market_maker
172,352.2103459136211,1,2,1,True,informed,market_maker
172,353.6883686653649,1,2,1,True,informed,market_maker
173,351.2125500847074,1,1,15,False,market_maker,uninformed
173,342.5518444501375,1,1,15,False,market_maker,uninformed
174,356.51787561468785,1,4,1,True,informed,market_maker
175,353.8439915475777,1,1,9,False,market_maker,uninformed
176,356.3208994884107,1,9,1,False,uninformed,market_maker
176,359.19175968179803,1,9,1,False,uninformed,market_maker
176,351.01323961519705,1,1,15,False,market_maker,uninformed
178,348.38064031808307,1,1,3,False,market_maker,informed
179,350.8193048003097,1,4,1,True,informed,market_maker
179,353.64583891231104,1,4,1,True,informed,market_maker
180,356.4750056236095,1,14,1,False,uninformed,market_maker
182,359.4965316938471,1,10,1,False,uninformed,market_maker
182,359.8501891370401,1,10,1,False,uninformed,market_maker
183,357.88679307524234,1,1,14,False,market_maker,uninformed
183,354.5264350826846,1,1,14,False,market_maker,uninformed
183,354.16642956461914,1,1,14,False,market_maker,uninformed
185,355.2728474173708,1,1,10,False,market_maker,uninformed
186,355.09655965621346,1,1,13,False,market_maker,uninformed
188,358.6928493086276,1,5,1,False,uninformed,market_maker
188,358.87212817979014,1,5,1,False,uninformed,market_maker
188,359.5122408537404,1,5,1,False,uninformed,market_maker
189,359.7186484569084,1,4,1,True,informed,market_maker
190,356.5017396716422,1,1,11,False,market_maker,uninformed
190,359.8650584877613,1,15,1,False,uninformed,market_maker
190,360.0367736251158,1,15,1,False,uninformed,market_maker
190,360.3249769673821,1,15,1,False,uninformed,market_maker
191,362.3876595257568,1,6,1,False,uninformed,market_maker
191,363.252985955386,1,6,1,False,uninformed,market_maker
193,366.43914804499695,1,4,1,False,informed,market_maker
193,367.66562675382914,1,4,1,False,informed,market_maker
196,371.0114715024928,1,5,1,False,uninformed,market_maker
197,374.1978434366455,1,9,1,False,uninformed,market_maker
198,377.59701143920176,1,9,1,False,uninformed,market_maker
198,374.9148517118923,1,1,10,False,market_maker,uninformed
199,371.535214283365,1,1,2,True,market_maker,informed
199,367.62877264595,1,1,2,True,market_maker,informed
199,363.93478665847425,1,1,2,True,market_maker,informed
199,362.6095947674628,1,1,2,True,market_maker,informed
199,358.55120748656987,1,1,2,True,market_maker,informed
199,355.8880285207503,1,1,2,True,market_maker,informed
199,355.02672670470497,1,1,2,True,market_maker,informed
199,354.84905614842523,1,1,2,True,market_maker,informed
202,357.22203836921005,1,6,1,False,uninformed,market_maker
203,354.74374202219263,1,1,2,True,market_maker,informed
203,354.67048474223037,1,1,2,True,market_maker,informed
203,353.5406210960857,1,1,2,True,market_maker,informed
203,351.17031803992484,1,1,2,True,market_maker,informed
203,345.5935951955384,1,1,2,True,market_maker,informed
204,347.1983870127476,1,9,1,False,uninformed,market_maker
204,358.3632443197594,1,9,1,False,uninformed,market_maker
204,343.64320978313367,1,1,11,False,market_maker,uninformed
205,345.52666896198093,1,5,1,False,uninformed,market_maker
206,343.80429619346984,1,1,9,False,market_maker,uninformed
206,341.7597506042864,1,1,9,False,market_maker,uninformed
211,343.1753339890945,1,6,1,False,uninformed,market_maker
211,343.22299222576993,1,6,1,False,uninformed,market_maker
213,343.30691596804473,1,3,1,False,informed,market_maker
213,343.4695229118471,1,3,1,False,informed,market_maker
213,343.53936750727337,1,3,1,False,informed,market_maker
213,347.594568399454,1,3,1,False,informed,market_maker
214,350.3368131602888,1,4,1,True,informed,market_maker
215,349.4533172414428,1,1,3,False,market_maker,informed
215,346.5902964806164,1,1,3,False,market_maker,informed
215,339.8172745741499,1,1,3,False,market_maker,informed
215,339.70821854612143,1,1,3,False,market_maker,informed
215,339.5292366191948,1,1,3,False,market_maker,informed
215,339.45063472113924,1,1,3,False,market_maker,informed
215,339.4144111774109,1,1,3,False,market_maker,informed
216,337.35794109619934,1,1,2,False,market_maker,informed
216,341.1314668474451,1,15,1,False,uninformed,market_maker
216,353.32232995809653,1,15,1,False,uninformed,market_maker
217,351.2761704091522,1,1,3,False,market_maker,informed
218,348.8834596095538,1,1,12,False,market_maker,uninformed
219,346.334477836177,1,1,4,False,market_maker,informed
220,350.73467446371154,1,3,1,True,informed,market_maker
220,353.3176050383414,1,3,1,True,informed,market_maker
220,355.36848950704086,1,3,1,True,informed,market_maker
224,357.3124589987154,1,7,1,False,uninformed,market_maker
224,357.3937286887007,1,7,1,False,uninformed,market_maker
224,353.42452001536634,1,1,8,False,market_maker,uninformed
227,353.90415105162293,1,1,11,False,market_maker,uninformed
227,353.8059924868835,1,1,11,False,market_maker,uninformed
227,353.65118741301785,1,1,11,False,market_maker,uninformed
227,357.39407296855717,1,13,1,False,uninformed,market_maker
227,357.44150454256726,1,13,1,False,uninformed,market_maker
227,357.5947905248822,1,13,1,False,uninformed,market_maker
228,353.802417761778,1,1,9,False,market_maker,uninformed
228,353.343250325381,1,1,9,False,market_maker,uninformed
228,357.5478443825293,1,15,1,False,uninformed,market_maker
228,357.65151443654537,1,15,1,False,uninformed,market_maker
230,356.1230092608862,1,1,10,False,market_maker,uninformed
230,359.7144334471515,1,12,1,False,uninformed,market_maker
230,359.89550146683484,1,12,1,False,uninformed,market_maker
232,358.71650608692215,1,1,9,False,market_maker,uninformed
232,358.3586433550962,1,1,9,False,market_maker,uninformed
232,355.9462469403757,1,1,9,False,market_maker,uninformed
234,355.68322387863475,1,1,7,False,market_maker,uninformed
235,355.5259108723661,1,1,4,False,market_maker,informed
235,355.1749077934194,1,1,4,False,market_maker,informed
235,353.34290604552456,1,1,4,False,market_maker,informed
237,350.78976025801825,1,1,10,False,market_maker,uninformed
239,350.17795727546473,1,1,2,False,market_maker,informed
239,349.1337090952286,1,1,2,False,market_maker,informed
239,351.91362032224004,1,5,1,False,uninformed,market_maker
239,352.97884254145464,1,12,1,False,uninformed,market_maker
240,353.2893369740194,1,5,1,False,uninformed,market_maker
240,354.1293373028032,1,5,1,False,uninformed,market_maker
240,358.89005291030526,1,12,1,False,uninformed,market_maker
244,353.20610395049454,1,1,2,True,market_maker,informed
244,352.660813581998,1,1,2,True,market_maker,informed
244,352.40315268589274,1,1,2,True,market_maker,informed
244,350.5504750536411,1,1,2,True,market_maker,informed
245,348.1586799381742,1,1,3,True,market_maker,informed
246,345.5712338568127,1,1,10,False,market_maker,uninformed
247,342.81752202734714,1,1,7,False,market_maker,uninformed
249,339.90991135317864,1,1,2,False,market_maker,informed
251,336.85790209095006,1,1,2,False,market_maker,informed
251,335.0182071813169,1,1,2,False,market_maker,informed
251,337.34416202490735,1,8,1,False,uninformed,market_maker
252,339.2229115905223,1,5,1,False,uninformed,market_maker
252,342.29695748124215,1,5,1,False,uninformed,market_maker
254,340.14283138304495,1,2,1,True,informed,market_maker
254,341.75358800211785,1,2,1,True,informed,market_maker
254,345.21480458156697,1,2,1,True,informed,market_maker
254,347.9608565800303,1,2,1,True,informed,market_maker
254,350.4884168437325,1,2,1,True,informed,market_maker
254,354.75629378514697,1,2,1,True,informed,market_maker
257,346.9036214204442,1,4,1,True,informed,market_maker
257,347.20563793096403,1,4,1,True,informed,market_maker
257,347.8078259574215,1,4,1,True,informed,market_maker
257,355.0156751892548,1,4,1,True,informed,market_maker
257,355.53349421801107,1,4,1,True,informed,market_maker
257,359.2538295718027,1,4,1,True,informed,market_maker
257,359.45408522008347,1,4,1,True,informed,market_maker
257,362.15215058150716,1,4,1,True,informed,market_maker
260,355.98811602493174,1,13,1,False,uninformed,market_maker
260,362.5147986436178,1,13,1,False,uninformed,market_maker
266,363.9797218116127,1,1,4,True,market_maker,informed
266,363.8268841564963,1,1,4,True,market_maker,informed
266,363.5522835329554,1,1,4,True,market_maker,informed
266,363.05578875792224,1,1,4,True,market_maker,informed
266,362.0622632557776,1,1,4,True,market_maker,informed
266,353.1785254493153,1,1,4,True,market_maker,informed
266,345.2363405522376,1,1,4,True,market_maker,informed
266,344.4524402456758,1,1,4,True,market_maker,informed
267,352.7570780709263,1,1,4,True,market_maker,informed
267,344.153473105791,1,1,4,True,market_maker,informed
267,339.417357385554,1,1,4,True,market_maker,informed
267,337.6222592776885,1,1,4,True,market_maker,informed
268,335.0135879890866,1,1,4,False,market_maker,informed
269,331.9401941621657,1,1,11,False,market_maker,uninformed
269,335.74188670008385,1,12,1,False,uninformed,market_maker
270,332.6630390782632,1,1,10,False,market_maker,uninformed
274,329.4400524760649,1,1,8,False,market_maker,uninformed
274,333.2247213678353,1,9,1,False,uninformed,market_maker
274,336.4705411150039,1,9,1,False,uninformed,market_maker
282,334.58376045425376,1,2,1,True,informed,market_maker
282,334.6531540631675,1,2,1,True,informed,market_maker
282,334.7820225908509,1,2,1,True,informed,market_maker
282,334.8728943658232,1,2,1,True,informed,market_maker
282,335.0535722868711,1,2,1,True,informed,market_maker
282,335.4093075049049,1,2,1,True,informed,market_maker
282,335.9826248368957,1,2,1,True,informed,market_maker
282,337.12758503855264,1,2,1,True,informed,market_maker
282,338.2051970106243,1,6,1,False,uninformed,market_maker
282,355.8295219622552,1,6,1,False,uninformed,market_maker
282,365.1424228233197,1,6,1,False,uninformed,market_maker
282,366.33051137941237,1,10,1,False,uninformed,market_maker
282,366.8305226830302,1,10,1,False,uninformed,market_maker
283,349.5274717330746,1,1,14,False,market_maker,uninformed
283,333.45820340365015,1,1,14,False,market_maker,uninformed
284,353.08617431859074,1,3,1,True,informed,market_maker
284,367.0539063188476,1,3,1,True,informed,market_maker
284,367.17649308914275,1,3,1,True,informed,market_maker
286,367.0646252370563,1,1,10,False,market_maker,uninformed
287,370.68632859762005,1,14,1,False,uninformed,market_maker
287,372.18780396893163,1,14,1,False,uninformed,market_maker
288,372.4378276685579,1,7,1,False,uninformed,market_maker
288,373.55461811406377,1,7,1,False,uninformed,market_maker
289,377.8156114524288,1,2,1,False,informed,market_maker
289,373.0291709568394,1,1,13,False,market_maker,uninformed
289,368.78693294033934,1,1,13,False,market_maker,uninformed
290,372.8105681074186,1,5,1,False,uninformed,market_maker
291,372.27290355327756,1,1,12,False,market_maker,uninformed
291,368.08238016972314,1,1,12,False,market_maker,uninformed
291,366.9461873258676,1,1,12,False,market_maker,uninformed
292,370.5637360828388,1,1,2,False,market_maker,informed
292,366.2368930322894,1,1,2,False,market_maker,informed
292,332.2561133457594,1,1,2,False,market_maker,informed
292,331.6884778367991,1,1,2,False,market_maker,informed
293,356.21667040646753,1,11,1,False,uninformed,market_maker
293,375.35109160189666,1,11,1,False,uninformed,market_maker
295,367.89224672559885,1,9,1,False,uninformed,market_maker
296,373.6757764452376,1,11,1,False,uninformed,market_maker
296,377.07633834263385,1,11,1,False,uninformed,market_maker
298,381.3294519396043,1,2,1,False,informed,market_maker
299,380.26179243000007,1,1,13,False,market_maker,uninformed
300,385.829076516665,1,2,1,False,informed,market_maker
301,375.83983545240443,1,1,3,True,market_maker,informed
301,368.29332232659624,1,1,3,True,market_maker,informed
301,362.6735108815276,1,1,3,True,market_maker,informed
301,351.66755951983635,1,1,3,True,market_maker,informed
301,331.472902333504,1,1,3,True,market_maker,informed
301,331.29909010978133,1,1,3,True,market_maker,informed
303,334.21067705835327,1,4,1,True,informed,market_maker
303,335.72401918624723,1,4,1,True,informed,market_maker
304,339.08125937810973,1,8,1,False,uninformed,market_maker
305,337.5553937109083,1,1,3,False,market_maker,informed
306,341.7269409044074,1,3,1,True,informed,market_maker
306,342.6416126015799,1,3,1,True,informed,market_maker
307,346.41067034019727,1,3,1,True,informed,market_maker
308,350.3943930491095,1,3,1,True,informed,market_maker
309,354.59912576569883,1,4,1,True,informed,market_maker
309,349.3432098699622,1,1,9,False,market_maker,uninformed
314,353.53532838840175,1,3,1,True,informed,market_maker
314,355.12623736614955,1,3,1,True,informed,market_maker
314,355.91930549155677,1,3,1,True,informed,market_maker
314,356.31464995207233,1,3,1,True,informed,market_maker
322,361.3030550514014,1,1,1,False,market_maker,market_maker
322,363.6515249092355,1,6,1,False,uninformed,market_maker
322,364.3939356608167,1,6,1,False,uninformed,market_maker
323,364.82458560322357,1,10,1,False,uninformed,market_maker
324,365.4105294198707,1,10,1,False,uninformed,market_maker
324,365.70320835628587,1,10,1,False,uninformed,market_maker
324,367.01107956917537,1,10,1,False,uninformed,market_maker
326,371.75683410117136,1,1,1,False,market_maker,market_maker
326,375.2961241082786,1,12,1,False,uninformed,market_maker
327,377.7719981119053,1,1,15,False,market_maker,uninformed
327,369.23853554899375,1,1,15,False,market_maker,uninformed
327,364.4984788484932,1,1,15,False,market_maker,uninformed
329,374.72999033293917,1,1,1,False,market_maker,market_maker
329,377.998268821667,1,4,1,False,informed,market_maker
329,380.3261725868175,1,4,1,False,informed,market_maker
329,372.1848461820961,1,1,7,False,market_maker,uninformed
329,360.29339758178463,1,1,7,False,market_maker,uninformed
329,360.0050482154347,1,1,7,False,market_maker,uninformed
330,364.1987592853104,1,2,1,True,informed,market_maker
332,368.97600246686676,1,15,1,False,uninformed,market_maker
335,372.0226112759668,1,1,3,False,market_maker,informed
335,368.70293931153986,1,1,3,False,market_maker,informed
335,365.6128950116044,1,1,3,False,market_maker,informed
336,371.30991086649095,1,7,1,False,uninformed,market_maker
338,372.1299637954983,1,1,1,False,market_maker,market_maker
338,374.7160902055783,1,4,1,True,informed,market_maker
338,375.4777879590347,1,4,1,True,informed,market_maker
338,376.4127932305401,1,4,1,True,informed,market_maker
340,381.7728723336986,1,1,1,False,market_maker,market_maker
341,385.41944589842353,1,15,1,False,uninformed,market_maker
341,387.27638072335156,1,15,1,False,uninformed,market_maker
342,393.2054759087726,1,12,1,False,uninformed,market_maker
343,399.44252333871594,1,15,1,False,uninformed,market_maker
344,402.0732994895729,1,1,3,True,market_maker,informed
344,395.61894894882226,1,1,3,True,market_maker,informed
344,389.48008953312086,1,1,3,True,market_maker,informed
344,383.6020504032571,1,1,3,True,market_maker,informed
344,378.2045571987619,1,1,3,True,market_maker,informed
344,371.228298358812,1,1,3,True,market_maker,informed
344,367.8942312088572,1,1,3,True,market_maker,informed
344,361.571417917006,1,1,3,True,market_maker,informed
346,386.2760544813331,1,1,10,False,market_maker,uninformed
347,386.0948962353724,1,1,14,False,market_maker,uninformed
348,387.4773700423946,1,2,1,True,informed,market_maker
348,390.2490457515633,1,2,1,True,informed,market_maker
348,390.47067321037343,1,2,1,True,informed,market_maker
348,390.6750986632438,1,2,1,True,informed,market_maker
348,405.99892522464944,1,2,1,True,informed,market_maker
351,411.9209230343013,1,4,1,False,informed,market_maker
351,415.70662070359595,1,4,1,False,informed,market_maker
352,422.269346933924,1,12,1,False,uninformed,market_maker
353,417.45802688733977,1,1,7,False,market_maker,uninformed
356,423.38595139917,1,1,2,False,market_maker,informed
356,419.16578862820114,1,1,2,False,market_maker,informed
356,410.97296287967674,1,1,2,False,market_maker,informed
356,407.3849080690413,1,1,2,False,market_maker,informed
356,385.9309399953515,1,1,2,False,market_maker,informed
356,383.69002761971643,1,1,2,False,market_maker,informed
356,359.4277722067262,1,1,2,False,market_maker,informed
356,358.27206448158404,1,1,2,False,market_maker,informed
356,424.0994256842252,1,12,1,False,uninformed,market_maker
356,428.31191505638066,1,12,1,False,uninformed,market_maker
357,433.8129807288787,1,3,1,False,informed,market_maker
357,428.807216194672,1,1,8,False,market_maker,uninformed
362,434.3233776160578,1,1,1,False,market_maker,market_maker
362,433.80251724188764,1,1,2,True,market_maker,informed
362,432.29863328734365,1,1,2,True,market_maker,informed
362,429.2943558000115,1,1,3,True,market_maker,informed
362,355.95833530212025,1,1,3,True,market_maker,informed
362,351.03330632630053,1,1,3,True,market_maker,informed
362,350.643821714508,1,1,3,True,market_maker,informed
362,349.86250855143385,1,1,3,True,market_maker,informed
362,348.2951802403523,1,1,12,False,market_maker,uninformed
362,345.19823299400656,1,1,12,False,market_maker,uninformed
362,341.27104615117355,1,1,12,False,market_maker,uninformed
363,437.3644242626381,1,10,1,False,uninformed,market_maker
363,438.88584773783765,1,10,1,False,uninformed,market_maker
363,439.64434729150537,1,11,1,False,uninformed,market_maker
365,444.4804351117119,1,3,1,True,informed,market_maker
365,446.03611663460293,1,3,1,True,informed,market_maker
369,451.38855003421816,1,10,1,False,uninformed,market_maker
370,444.6980082846991,1,1,11,False,market_maker,uninformed
370,439.41837009699753,1,1,11,False,market_maker,uninformed
371,444.471681353113,1,2,1,True,informed,market_maker
375,449.8053415293504,1,4,1,True,informed,market_maker
375,451.8294655662325,1,4,1,True,informed,market_maker
375,452.8384913986182,1,4,1,True,informed,market_maker
377,458.95181103249956,1,8,1,False,uninformed,market_maker
379,461.47306280640663,1,1,7,False,market_maker,uninformed
379,458.4928592214671,1,1,7,False,market_maker,uninformed
379,452.15923366152026,1,1,7,False,market_maker,uninformed
379,446.1264584233422,1,1,12,False,market_maker,uninformed
379,445.13238850744443,1,1,12,False,market_maker,uninformed
384,457.4913407706047,1,1,15,False,market_maker,uninformed
384,455.83014218502814,1,1,15,False,market_maker,uninformed
386,457.5437821391647,1,1,4,False,market_maker,informed
386,456.80921389511514,1,1,4,False,market_maker,informed
386,455.38063751505,1,1,4,False,market_maker,informed
386,454.4784705908592,1,1,4,False,market_maker,informed
386,452.6677993932861,1,1,4,False,market_maker,informed
386,443.1382663090537,1,1,4,False,market_maker,informed
386,437.88576990233935,1,1,4,False,market_maker,informed
386,437.88040580165807,1,1,4,False,market_maker,informed
388,399.38520129735997,1,2,1,True,informed,market_maker
388,400.25350617777224,1,2,1,True,informed,market_maker
388,459.4816649135061,1,2,1,True,informed,market_maker
389,431.8018961358619,1,6,1,False,uninformed,market_maker
389,460.7976754407267,1,6,1,False,uninformed,market_maker
389,461.31959157316015,1,6,1,False,uninformed,market_maker
389,461.48171355632365,1,6,1,False,uninformed,market_maker
390,447.8704822036075,1,15,1,False,uninformed,market_maker
391,449.32634630047966,1,1,3,True,market_maker,informed
391,441.21894038870244,1,1,3,True,market_maker,informed
391,425.37627268145917,1,1,3,True,market_maker,informed
391,395.95211847963407,1,1,3,True,market_maker,informed
391,394.2884762794448,1,1,3,True,market_maker,informed
391,336.6517883167182,1,1,3,True,market_maker,informed
391,334.045399090316,1,1,3,True,market_maker,informed
391,331.24823114035286,1,1,3,True,market_maker,informed
391,331.20991633642933,1,1,4,True,market_maker,informed
391,331.1892072614301,1,1,4,True,market_maker,informed
391,330.73307737475693,1,1,4,True,market_maker,informed
391,329.3814004315388,1,1,4,True,market_maker,informed
391,456.096708123189,1,8,1,False,uninformed,market_maker
391,461.49596930588245,1,8,1,False,uninformed,market_maker
392,462.2353385313328,1,7,1,False,uninformed,market_maker
392,462.6916094532423,1,7,1,False,uninformed,market_maker
393,458.7587307728897,1,1,10,False,market_maker,uninformed
394,461.51128315752703,1,14,1,False,uninformed,market_maker
397,462.53054862467167,1,4,1,False,informed,market_maker
398,456.0934893774669,1,1,9,False,market_maker,uninformed
401,455.86716764597554,1,1,4,True,market_maker,informed
401,455.63739588808943,1,1,4,True,market_maker,informed
401,455.4095771901454,1,1,4,True,market_maker,informed
401,455.1810180814331,1,1,4,True,market_maker,informed
401,454.6299021959337,1,1,4,True,market_maker,informed
403,449.6289732717785,1,1,4,True,market_maker,informed
403,448.0552718653272,1,1,4,True,market_maker,informed
404,442.67860860294326,1,1,2,False,market_maker,informed
404,449.3994376809232,1,7,1,False,uninformed,market_maker
404,454.85085232840095,1,10,1,False,uninformed,market_maker
405,449.6200675266243,1,1,4,False,market_maker,informed
406,444.22462671630484,1,1,4,False,market_maker,informed
409,440.867129376045,1,7,1,False,uninformed,market_maker
412,439.1622200645988,1,4,1,True,informed,market_maker
412,439.84437525074406,1,4,1,True,informed,market_maker
412,440.84369646389837,1,4,1,True,informed,market_maker
412,442.66556672243667,1,4,1,True,informed,market_maker
412,444.85745368049055,1,4,1,True,informed,market_maker
412,450.96892772920415,1,4,1,True,informed,market_maker
412,456.4428303115503,1,4,1,True,informed,market_maker
412,456.44842180471744,1,4,1,True,informed,market_maker
413,452.05819321392136,1,4,1,True,informed,market_maker
413,462.06726646390564,1,4,1,True,informed,market_maker
413,462.2992833503594,1,4,1,True,informed,market_maker
413,462.7603203825578,1,4,1,True,informed,market_maker
413,462.99354216683855,1,4,1,True,informed,market_maker
413,465.37713638695453,1,4,1,True,informed,market_maker
413,465.69910491468835,1,4,1,True,informed,market_maker
413,468.40208777346976,1,4,1,True,informed,market_maker
417,472.35686259100993,1,3,1,True,informed,market_maker
417,474.01011161007847,1,3,1,True,informed,market_maker
417,474.83585938122974,1,3,1,True,informed,market_maker
420,479.55727243537206,1,4,1,True,informed,market_maker
420,481.96382167195196,1,4,1,True,informed,market_maker
420,483.1591510892289,1,4,1,True,informed,market_maker
423,488.66848678564645,1,4,1,True,informed,market_maker
424,494.44122953917116,1,2,1,True,informed,market_maker
425,489.73710284712075,1,1,9,False,market_maker,uninformed
429,495.4430035394715,1,1,1,False,market_maker,market_maker
430,498.8924301062577,1,2,1,True,informed,market_maker
430,500.62420925806464,1,2,1,True,informed,market_maker
430,502.36154155481046,1,2,1,True,informed,market_maker
431,508.9101033121979,1,4,1,False,informed,market_maker
433,515.7884725005792,1,1,1,False,market_maker,market_maker
434,520.3497769406403,1,8,1,False,uninformed,market_maker
434,522.268650313597,1,15,1,False,uninformed,market_maker
435,525.6242794685693,1,1,10,False,market_maker,uninformed
435,518.557119646796,1,1,10,False,market_maker,uninformed
435,511.19211598343617,1,1,10,False,market_maker,uninformed
436,529.3583941648967,1,6,1,False,uninformed,market_maker
437,532.1012843107559,1,1,2,True,market_maker,informed
437,504.3531260038548,1,1,2,True,market_maker,informed
437,497.82594112689975,1,1,2,True,market_maker,informed
437,494.34240870378227,1,1,2,True,market_maker,informed
437,536.1439551140057,1,7,1,False,uninformed,market_maker
439,542.0068570619561,1,1,8,False,market_maker,uninformed
439,537.9881224245461,1,1,10,False,market_maker,uninformed
440,517.8639805260826,1,1,10,False,market_maker,uninformed
440,490.88752159462973,1,1,10,False,market_maker,uninformed
442,508.41110874205367,1,5,1,False,uninformed,market_maker
442,511.3633985318057,1,5,1,False,uninformed,market_maker
444,514.3988832527666,1,1,11,False,market_maker,uninformed
444,505.74553344974,1,1,11,False,market_maker,uninformed
447,511.5814180546672,1,1,4,False,market_maker,informed
448,515.6073650245547,1,12,1,False,uninformed,market_maker
450,515.3596587618598,1,1,4,False,market_maker,informed
450,513.5486037507424,1,1,4,False,market_maker,informed
450,509.9188278462255,1,1,4,False,market_maker,informed
450,503.13432336291464,1,1,4,False,market_maker,informed
450,483.9308843569713,1,1,4,False,market_maker,informed
450,478.4104055597768,1,1,4,False,market_maker,informed
450,477.22835607110125,1,1,4,False,market_maker,informed
450,474.86280492089975,1,1,4,False,market_maker,informed
450,517.2897491453243,1,10,1,False,uninformed,market_maker
450,519.309620414261,1,10,1,False,uninformed,market_maker
450,520.1090055281759,1,10,1,False,uninformed,market_maker
451,499.91890167225995,1,13,1,False,uninformed,market_maker
451,521.1483050751352,1,13,1,False,uninformed,market_maker
451,522.0814797454337,1,13,1,False,uninformed,market_maker
452,517.5798153500915,1,1,12,False,market_maker,uninformed
454,507.80063241104364,1,1,5,False,market_maker,uninformed
454,494.38358123236026,1,1,5,False,market_maker,uninformed
454,470.18019233724783,1,1,13,False,market_maker,uninformed
454,469.3631690168401,1,1,13,False,market_maker,uninformed
454,467.72612757034386,1,1,13,False,market_maker,uninformed
457,485.48048518617105,1,10,1,False,uninformed,market_maker
457,486.56743873534896,1,10,1,False,uninformed,market_maker
457,486.66870581539325,1,10,1,False,uninformed,market_maker
458,495.0762586062616,1,1,2,True,market_maker,informed
458,479.7582244127779,1,1,2,True,market_maker,informed
458,479.4989758504452,1,1,2,True,market_maker,informed
458,479.1390001715865,1,1,2,True,market_maker,informed
458,448.70801832496596,1,1,2,True,market_maker,informed
458,439.14955348495613,1,1,2,True,market_maker,informed
458,437.0032557025611,1,1,2,True,market_maker,informed
458,436.92140540718276,1,1,2,True,market_maker,informed
461,471.70621807895105,1,5,1,False,uninformed,market_maker
461,471.9134229251733,1,5,1,False,uninformed,market_maker
461,472.30538106379186,1,5,1,False,uninformed,market_maker
461,502.1313455424805,1,7,1,False,uninformed,market_maker
461,514.4667049478822,1,7,1,False,uninformed,market_maker
461,523.8109778900758,1,7,1,False,uninformed,market_maker
462,501.1313369242862,1,1,4,True,market_maker,informed
462,465.4262094482266,1,1,4,True,market_maker,informed
462,464.8804359963331,1,1,4,True,market_maker,informed
462,464.6960746620753,1,1,4,True,market_maker,informed
462,436.53891523031075,1,1,4,True,market_maker,informed
462,436.1889050733406,1,1,4,True,market_maker,informed
462,435.8762359917907,1,1,4,True,market_maker,informed
464,431.9533498678646,1,1,2,True,market_maker,informed
464,431.3054198430628,1,1,2,True,market_maker,informed
465,426.9923656446322,1,1,4,True,market_maker,informed
466,422.5089458053635,1,1,2,True,market_maker,informed
467,417.86134740150453,1,1,5,False,market_maker,uninformed
468,419.3238621174098,1,9,1,False,uninformed,market_maker
468,424.19898158858496,1,9,1,False,uninformed,market_maker
471,422.8793185879021,1,14,1,False,uninformed,market_maker
471,428.91383129003304,1,14,1,False,uninformed,market_maker
471,433.46194694227813,1,14,1,False,uninformed,market_maker
475,423.35435837172486,1,1,11,False,market_maker,uninformed
475,422.71932683416725,1,1,15,False,market_maker,uninformed
475,422.3999059707758,1,1,15,False,market_maker,uninformed
475,416.56454528892897,1,1,15,False,market_maker,uninformed
476,416.2945225295843,1,1,3,False,market_maker,informed
476,413.05594190638726,1,1,3,False,market_maker,informed
477,414.2951097321064,1,4,1,False,informed,market_maker
477,422.60839294206534,1,4,1,False,informed,market_maker
477,428.7934464244202,1,4,1,False,informed,market_maker
477,429.1177021142001,1,4,1,False,informed,market_maker
477,429.76234563264904,1,4,1,False,informed,market_maker
477,437.8337561676298,1,4,1,False,informed,market_maker
477,438.4914934077414,1,4,1,False,informed,market_maker
477,508.6523559672727,1,4,1,False,informed,market_maker
477,542.3419471301755,1,8,1,False,uninformed,market_maker
477,408.0992706035106,1,1,13,False,market_maker,uninformed
479,410.75048751498633,1,4,1,False,informed,market_maker
479,410.9559654977352,1,4,1,False,informed,market_maker
479,546.4256880144259,1,4,1,False,informed,market_maker
479,404.8344764386825,1,1,6,False,market_maker,uninformed
481,408.073152250192,1,2,1,True,informed,market_maker
482,405.42067676056575,1,1,3,False,market_maker,informed
482,404.6320592004632,1,1,3,False,market_maker,informed
482,402.0006351036117,1,1,3,False,market_maker,informed
482,411.54177404431863,1,6,1,False,uninformed,market_maker
484,409.85248824695924,1,1,2,True,market_maker,informed
484,409.81796880628997,1,1,2,True,market_maker,informed
486,407.7143444512225,1,1,3,True,market_maker,informed
487,408.76907897220644,1,4,1,False,informed,market_maker
487,411.1019572237449,1,4,1,False,informed,market_maker
487,413.231059841678,1,4,1,False,informed,market_maker
487,413.2655792823473,1,4,1,False,informed,market_maker
487,405.4364668968848,1,1,8,False,market_maker,uninformed
488,407.0722768859851,1,12,1,False,uninformed,market_maker
492,406.07260137865205,1,1,4,True,market_maker,informed
492,405.94216444639477,1,1,4,True,market_maker,informed
492,405.8460573440064,1,1,4,True,market_maker,informed
492,405.6520419557288,1,1,4,True,market_maker,informed
492,403.80065690778446,1,1,4,True,market_maker,informed
493,401.4546699808971,1,1,8,False,market_maker,uninformed
494,398.90981894630346,1,1,2,True,market_maker,informed
495,396.18079357510896,1,1,9,False,market_maker,uninformed
495,399.24538540382014,1,11,1,False,uninformed,market_maker
498,396.63357880255626,1,1,8,False,market_maker,uninformed
498,395.48987842238785,1,1,8,False,market_maker,uninformed
499,392.55187584664634,1,1,13,False,market_maker,uninformed
502,389.4299549447413,1,1,3,False,market_maker,informed
502,387.71923902832845,1,1,3,False,market_maker,informed
503,390.33447725069635,1,3,1,True,informed,market_maker
503,392.14082986593155,1,3,1,True,informed,market_maker
503,395.2639619707503,1,3,1,True,informed,market_maker
503,398.21713417734384,1,3,1,True,informed,market_maker
503,399.46171969266106,1,3,1,True,informed,market_maker
503,401.99224766558626,1,3,1,True,informed,market_maker
503,404.5314412070407,1,3,1,True,informed,market_maker
503,408.8995840931274,1,3,1,True,informed,market_maker
505,409.1128445178742,1,4,1,False,informed,market_maker
505,409.1765680351398,1,4,1,False,informed,market_maker
505,409.21084981145765,1,4,1,False,informed,market_maker
505,409.5082039309814,1,4,1,False,informed,market_maker
505,409.60175557500014,1,4,1,False,informed,market_maker
510,408.65185176340583,1,1,3,True,market_maker,informed
510,408.54821793445046,1,1,3,True,market_maker,informed
510,408.3401026385255,1,1,3,True,market_maker,informed
510,407.9262944260433,1,1,3,True,market_maker,informed
510,406.9707138589752,1,1,3,True,market_maker,informed
510,405.35122910830273,1,1,3,True,market_maker,informed
514,405.3749578619142,1,7,1,False,uninformed,market_maker
514,405.7944040486704,1,7,1,False,uninformed,market_maker
515,402.46073457698014,1,1,15,False,market_maker,uninformed
516,405.5865864729811,1,2,1,False,informed,market_maker
516,406.6203187231921,1,2,1,False,informed,market_maker
516,412.096420235107,1,2,1,False,informed,market_maker
517,405.0218811836835,1,1,10,False,market_maker,uninformed
517,409.14924069850395,1,15,1,False,uninformed,market_maker
517,412.502634737286,1,15,1,False,uninformed,market_maker
517,412.7087414620556,1,15,1,False,uninformed,market_maker
518,412.8134310443213,1,2,1,False,informed,market_maker
519,401.66848714490146,1,1,12,False,market_maker,uninformed
519,401.48978618631025,1,1,12,False,market_maker,uninformed
520,403.72677749225613,1,7,1,False,uninformed,market_maker
526,403.5096986734323,1,1,6,False,market_maker,uninformed
526,403.1932332577726,1,1,6,False,market_maker,uninformed
527,402.7933843035462,1,1,9,False,market_maker,uninformed
527,402.5684170364253,1,1,9,False,market_maker,uninformed
529,402.35307800997685,1,1,3,False,market_maker,informed
529,402.1706506272464,1,1,3,False,market_maker,informed
529,401.9484367061265,1,1,3,False,market_maker,informed
529,401.85963802899136,1,1,3,False,market_maker,informed
529,401.26367048648495,1,1,3,False,market_maker,informed
529,399.65428466655067,1,1,3,False,market_maker,informed
530,399.6818540754195,1,12,1,False,uninformed,market_maker
531,401.0073274179878,1,10,1,False,uninformed,market_maker
531,405.1472165781127,1,10,1,False,uninformed,market_maker
532,402.23693829799885,1,11,1,False,uninformed,market_maker
532,405.46159126640356,1,11,1,False,uninformed,market_maker
532,406.0876045662494,1,11,1,False,uninformed,market_maker
535,400.6102984932782,1,1,9,False,market_maker,uninformed
535,400.20764824396565,1,1,9,False,market_maker,uninformed
535,400.0080236358683,1,1,9,False,market_maker,uninformed
539,398.98044106001083,1,1,5,False,market_maker,uninformed
539,398.49524987878766,1,1,5,False,market_maker,uninformed
539,397.76385169901965,1,1,5,False,market_maker,uninformed
540,398.78163160931877,1,10,1,False,uninformed,market_maker
540,400.5238840400473,1,10,1,False,uninformed,market_maker
540,400.9764780937755,1,10,1,False,uninformed,market_maker
544,397.755457080226,1,1,4,True,market_maker,informed
544,397.5381159726885,1,1,4,True,market_maker,informed
544,397.4331428158546,1,1,4,True,market_maker,informed
544,396.64991738077305,1,1,4,True,market_maker,informed
544,396.4294809803494,1,1,4,True,market_maker,informed
544,396.3045921464735,1,1,4,True,market_maker,informed
544,396.20833714618607,1,1,4,True,market_maker,informed
545,392.6232644132559,1,1,12,False,market_maker,uninformed
547,388.82268487682467,1,1,12,False,market_maker,uninformed
549,384.863662607329,1,1,1,False,market_maker,market_maker
551,382.13527498885986,1,1,1,False,market_maker,market_maker
551,380.81167631177993,1,1,12,False,market_maker,uninformed
551,378.8130526811782,1,1,12,False,market_maker,uninformed
552,376.9772746635547,1,15,1,False,uninformed,market_maker
552,383.27547398329637,1,15,1,False,uninformed,market_maker
554,377.08047375357603,1,1,1,False,market_maker,market_maker
556,374.5878218559028,1,1,1,False,market_maker,market_maker
557,374.4031195041425,1,1,1,False,market_maker,market_maker
558,373.1649553614939,1,1,1,False,market_maker,market_maker
558,371.2573386182614,1,1,2,True,market_maker,informed
558,371.1654116289939,1,1,2,True,market_maker,informed
558,370.5507567171188,1,1,2,True,market_maker,informed
560,366.1790059580732,1,1,13,False,market_maker,uninformed
561,361.6626014851094,1,1,8,False,market_maker,uninformed
562,357.02274744905054,1,1,11,False,market_maker,uninformed
562,359.43086609295113,1,15,1,False,uninformed,market_maker
562,364.1041883237917,1,15,1,False,uninformed,market_maker
562,368.6231446119734,1,15,1,False,uninformed,market_maker
564,364.2472378279205,1,1,1,False,market_maker,market_maker
566,360.96624609294656,1,1,1,False,market_maker,market_maker
567,359.34138704408656,1,1,1,False,market_maker,market_maker
568,357.09599641356954,1,1,10,False,market_maker,uninformed
568,356.2971533631393,1,1,10,False,market_maker,uninformed
568,355.1959617574879,1,1,10,False,market_maker,uninformed
569,353.0053980133027,1,3,1,False,informed,market_maker
569,357.95813572577015,1,5,1,False,uninformed,market_maker
570,351.63653696537347,1,1,3,True,market_maker,informed
570,350.2826062665234,1,1,3,True,market_maker,informed
572,348.18450174790274,1,11,1,False,uninformed,market_maker
572,354.40585694495405,1,11,1,False,uninformed,market_maker
572,345.37505865981353,1,1,12,False,market_maker,uninformed
574,340.7283583248902,1,1,1,False,market_maker,market_maker
575,337.47125617080826,1,1,10,False,market_maker,uninformed
575,335.86045863515636,1,1,10,False,market_maker,uninformed
576,330.98187107317773,1,1,4,False,market_maker,informed
576,333.6859765657967,1,13,1,False,uninformed,market_maker
579,328.8341208617766,1,1,1,False,market_maker,market_maker
579,331.5304267619351,1,2,1,True,informed,market_maker
579,338.6015869698677,1,2,1,True,informed,market_maker
579,343.4596328802004,1,2,1,True,informed,market_maker
579,362.1718780022228,1,2,1,True,informed,market_maker
579,366.73245793762266,1,2,1,True,informed,market_maker
579,375.65622293282826,1,2,1,True,informed,market_maker
579,379.512055580474,1,2,1,True,informed,market_maker
579,387.3381895580448,1,2,1,True,informed,market_maker
579,391.3197415123148,1,3,1,True,informed,market_maker
579,395.038909833362,1,3,1,True,informed,market_maker
579,398.6381424878805,1,3,1,True,informed,market_maker
579,399.08311899402617,1,3,1,True,informed,market_maker
579,399.97189768147757,1,3,1,True,informed,market_maker
579,401.7533285379856,1,3,1,True,informed,market_maker
579,403.27377289164156,1,3,1,True,informed,market_maker
579,403.47558391664154,1,3,1,True,informed,market_maker
580,403.8774213872095,1,12,1,False,uninformed,market_maker
581,362.4048432397578,1,1,7,False,market_maker,uninformed
581,325.3785772400036,1,1,7,False,market_maker,uninformed
583,326.8015590951645,1,13,1,False,uninformed,market_maker
583,367.82292353546944,1,13,1,False,uninformed,market_maker
583,406.31257183337027,1,13,1,False,uninformed,market_maker
585,406.49663660089277,1,12,1,False,uninformed,market_maker
585,406.7161915380594,1,12,1,False,uninformed,market_maker
586,361.4892323275254,1,1,2,False,market_maker,informed
586,322.0033239214026,1,1,2,False,market_maker,informed
586,366.95529934860696,1,10,1,False,uninformed,market_maker
587,369.3405087943729,1,12,1,False,uninformed,market_maker
587,406.8056122228017,1,12,1,False,uninformed,market_maker
587,406.9058984567652,1,12,1,False,uninformed,market_maker
588,410.1611456444193,1,2,1,False,informed,market_maker
589,413.6475153823969,1,4,1,False,informed,market_maker
590,407.49509819773056,1,1,7,False,market_maker,uninformed
591,404.0575571675679,1,1,10,False,market_maker,uninformed
591,363.8361793041438,1,1,10,False,market_maker,uninformed
593,361.1074079593627,1,1,12,False,market_maker,uninformed
597,361.1074079593627,1,1,15,False,market_maker,uninformed
597,360.92548986971065,1,1,15,False,market_maker,uninformed
597,360.8352584972433,1,1,15,False,market_maker,uninformed
599,365.5169193187375,1,4,1,True,informed,market_maker
599,366.2453183369096,1,4,1,True,informed,market_maker
599,366.291436801133,1,4,1,True,informed,market_maker
599,366.3830325592728,1,4,1,True,informed,market_maker
599,366.5649506489249,1,4,1,True,informed,market_maker
599,366.5649506489249,1,4,1,True,informed,market_maker
601,369.6807527294407,1,5,1,False,uninformed,market_maker
601,370.05043348217015,1,5,1,False,uninformed,market_maker
605,373.5659126002507,1,13,1,False,uninformed,market_maker
605,374.31304442545127,1,13,1,False,uninformed,market_maker
606,374.68455572553216,1,2,1,False,informed,market_maker
606,375.80582570358746,1,2,1,False,informed,market_maker
611,377.29198662199343,1,1,2,True,market_maker,informed
611,377.1067005712546,1,1,2,True,market_maker,informed
611,376.7348269119695,1,1,2,True,market_maker,informed
611,375.98846733487943,1,1,2,True,market_maker,informed
611,374.4905053136249,1,1,2,True,market_maker,informed
611,370.22731270452385,1,1,2,True,market_maker,informed
611,369.1171774829537,1,1,2,True,market_maker,informed
611,368.75118641021425,1,1,2,True,market_maker,informed
611,368.0151560980182,1,1,6,False,market_maker,uninformed
611,364.54646074817657,1,1,6,False,market_maker,uninformed
611,364.1822784697069,1,1,6,False,market_maker,uninformed
612,368.7393598191796,1,1,12,False,market_maker,uninformed
612,371.06668375165447,1,15,1,False,uninformed,market_maker
618,368.51835588069974,1,1,14,False,market_maker,uninformed
621,369.35708258643325,1,5,1,False,uninformed,market_maker
623,369.49914210603623,1,13,1,False,uninformed,market_maker
623,369.51654258892034,1,13,1,False,uninformed,market_maker
623,369.51821867690734,1,13,1,False,uninformed,market_maker
624,367.9655783468787,1,1,12,False,market_maker,uninformed
625,369.78318333558275,1,2,1,True,informed,market_maker
625,369.88769723928243,1,2,1,True,informed,market_maker
625,370.2121768099088,1,2,1,True,informed,market_maker
625,370.3142958875224,1,2,1,True,informed,market_maker
625,370.45305271741427,1,2,1,True,informed,market_maker
625,370.7307561585991,1,2,1,True,informed,market_maker
625,371.2876876901343,1,2,1,True,informed,market_maker
625,367.6871856538255,1,1,12,False,market_maker,uninformed
628,374.7811862254318,1,1,4,False,market_maker,informed
628,374.32526479123555,1,1,4,False,market_maker,informed
628,373.4193007955152,1,1,4,False,market_maker,informed
628,367.54865559769445,1,1,4,False,market_maker,informed
628,367.5365848725527,1,1,4,False,market_maker,informed
628,367.2139365656312,1,1,4,False,market_maker,informed
628,367.0201311503496,1,1,4,False,market_maker,informed
628,366.84198078331514,1,1,4,False,market_maker,informed
628,376.12613812210014,1,10,1,False,uninformed,market_maker
628,377.09403772367386,1,10,1,False,uninformed,market_maker
628,377.54634519518714,1,10,1,False,uninformed,market_maker
628,380.12759269917876,1,10,1,False,uninformed,market_maker
629,375.80928768180405,1,13,1,False,uninformed,market_maker
629,381.64810306997543,1,13,1,False,uninformed,market_maker
632,379.7171124771142,1,7,1,False,uninformed,market_maker
632,382.4056973622249,1,7,1,False,uninformed,market_maker
632,382.7831687183382,1,10,1,False,uninformed,market_maker
632,382.9712438215217,1,10,1,False,uninformed,market_maker
634,383.0659664771386,1,1,7,False,market_maker,uninformed
634,376.8751377649673,1,1,7,False,market_maker,uninformed
634,373.0533642873822,1,1,7,False,market_maker,uninformed
635,375.6766981740995,1,1,15,False,market_maker,uninformed
636,371.65297330848176,1,1,4,True,market_maker,informed
636,374.53065206937396,1,7,1,False,uninformed,market_maker
636,378.2257216430201,1,7,1,False,uninformed,market_maker
639,378.45550022904115,1,12,1,False,uninformed,market_maker
639,385.55731987265546,1,12,1,False,uninformed,market_maker
640,388.2551755417179,1,3,1,False,informed,market_maker
640,385.1728081228289,1,1,8,False,market_maker,uninformed
640,375.44691958807846,1,1,8,False,market_maker,uninformed
640,366.84030469532814,1,1,8,False,market_maker,uninformed
642,366.77412205306035,1,1,12,False,market_maker,uninformed
642,366.69961664407117,1,1,12,False,market_maker,uninformed
643,366.6327084255758,1,1,4,False,market_maker,informed
643,366.25988992566494,1,1,4,False,market_maker,informed
643,365.9886854190506,1,1,4,False,market_maker,informed
643,360.7898270012058,1,1,4,False,market_maker,informed
643,360.0641557287017,1,1,4,False,market_maker,informed
643,369.159285190387,1,11,1,False,uninformed,market_maker
643,370.2678956839139,1,11,1,False,uninformed,market_maker
643,370.70565741386315,1,11,1,False,uninformed,market_maker
645,368.68638301502943,1,1,2,True,market_maker,informed
645,368.67902846478177,1,1,2,True,market_maker,informed
647,366.3196932100718,1,1,7,False,market_maker,uninformed
647,365.9516112519621,1,1,7,False,market_maker,uninformed
647,369.9324669217992,1,9,1,False,uninformed,market_maker
647,370.30100566256215,1,9,1,False,uninformed,market_maker
648,371.93129231649675,1,3,1,False,informed,market_maker
651,368.13707816177856,1,1,10,False,market_maker,uninformed
651,367.93011699730243,1,1,10,False,market_maker,uninformed
656,365.4000090162242,1,1,3,True,market_maker,informed
656,364.8752497828419,1,1,3,True,market_maker,informed
656,364.5929102751239,1,1,3,True,market_maker,informed
656,364.5106341448565,1,1,3,True,market_maker,informed
657,361.38281409277624,1,1,15,False,market_maker,uninformed
659,358.0976014711541,1,1,3,True,market_maker,informed
659,356.6592230026278,1,1,3,True,market_maker,informed
663,353.16781135282764,1,1,10,False,market_maker,uninformed
663,351.92019049368116,1,1,10,False,market_maker,uninformed
665,348.82954057537256,1,5,1,False,uninformed,market_maker
665,350.9353867942806,1,5,1,False,uninformed,market_maker
665,354.28290401267213,1,5,1,False,uninformed,market_maker
665,348.68195190715755,1,1,6,False,market_maker,uninformed
665,346.5900940938569,1,1,6,False,market_maker,uninformed
667,343.91028212749023,1,3,1,False,informed,market_maker
667,345.79491118740003,1,3,1,False,informed,market_maker
667,356.58404242240175,1,3,1,False,informed,market_maker
667,360.33584440749127,1,3,1,False,informed,market_maker
667,361.77696420165614,1,3,1,False,informed,market_maker
667,365.0868797579228,1,3,1,False,informed,market_maker
667,368.2734368579309,1,3,1,False,informed,market_maker
667,368.48488933408873,1,3,1,False,informed,market_maker
668,343.5727859652814,1,1,3,True,market_maker,informed
668,341.6658926908514,1,1,3,True,market_maker,informed
672,339.1143052614301,1,1,2,True,market_maker,informed
672,338.2665194982765,1,1,2,True,market_maker,informed
672,337.841707555653,1,1,2,True,market_maker,informed
672,341.2235575283496,1,7,1,False,uninformed,market_maker
673,338.3339924464997,1,1,3,False,market_maker,informed
675,335.29533617428893,1,1,5,False,market_maker,uninformed
675,333.95325760209926,1,1,5,False,market_maker,uninformed
675,337.31221009951446,1,8,1,False,uninformed,market_maker
675,338.6659767791385,1,8,1,False,uninformed,market_maker
679,336.97034027435654,1,3,1,True,informed,market_maker
679,337.64983593361956,1,3,1,True,informed,market_maker
679,339.00746474622116,1,3,1,True,informed,market_maker
679,341.6528777801764,1,3,1,True,informed,market_maker
679,341.72455770750105,1,3,1,True,informed,market_maker
679,342.5091506568185,1,3,1,True,informed,market_maker
679,368.7790591953057,1,3,1,True,informed,market_maker
679,369.3564346273888,1,3,1,True,informed,market_maker
680,372.1476431238157,1,11,1,False,uninformed,market_maker
683,356.44329222663265,1,2,1,False,informed,market_maker
683,356.62039415343617,1,2,1,False,informed,market_maker
683,372.72493181269687,1,2,1,False,informed,market_maker
683,372.73228636294454,1,2,1,False,informed,market_maker
684,371.4624809087875,1,1,4,False,market_maker,informed
684,352.428215834917,1,1,4,False,market_maker,informed
687,362.7125591361688,1,1,4,False,market_maker,informed
687,362.22001917963325,1,1,4,False,market_maker,informed
687,352.2509706302921,1,1,4,False,market_maker,informed
687,335.61516099782267,1,1,4,False,market_maker,informed
687,334.27429930744813,1,1,4,False,market_maker,informed
687,333.60159666936,1,1,4,False,market_maker,informed
687,366.9888797853939,1,12,1,False,uninformed,market_maker
687,367.59015317730587,1,12,1,False,uninformed,market_maker
687,375.86575324891635,1,12,1,False,uninformed,market_maker
690,373.582414581056,1,1,4,True,market_maker,informed
690,373.582414581056,1,1,4,True,market_maker,informed
690,373.44817985001794,1,1,4,True,market_maker,informed
696,374.15119504834,1,2,1,False,informed,market_maker
696,374.30560667772886,1,2,1,False,informed,market_maker
700,370.61282789121503,1,1,7,False,market_maker,uninformed
700,370.1757722784071,1,1,7,False,market_maker,uninformed
700,370.1729971190618,1,1,7,False,market_maker,uninformed
703,370.16614208555166,1,1,15,False,market_maker,uninformed
706,370.0550108480165,1,1,6,False,market_maker,uninformed
706,369.7917387509434,1,1,6,False,market_maker,uninformed
706,369.64986186875046,1,1,6,False,market_maker,uninformed
706,369.6479833397587,1,1,6,False,market_maker,uninformed
706,372.1108796019502,1,8,1,False,uninformed,market_maker
706,373.1439683150271,1,8,1,False,uninformed,market_maker
706,373.630962070771,1,8,1,False,uninformed,market_maker
709,370.7252320449404,1,3,1,False,informed,market_maker
709,372.2423327777574,1,3,1,False,informed,market_maker
709,374.6023402897286,1,3,1,False,informed,market_maker
709,374.6667883184461,1,3,1,False,informed,market_maker
709,374.6695634777914,1,3,1,False,informed,market_maker
709,374.67641851130156,1,3,1,False,informed,market_maker
709,375.1631872692708,1,3,1,False,informed,market_maker
711,373.0066561594567,1,1,3,True,market_maker,informed
711,372.88742737920495,1,1,3,True,market_maker,informed
711,369.3586122979482,1,1,3,True,market_maker,informed
711,369.23010211318575,1,1,3,True,market_maker,informed
711,369.1655416329828,1,1,3,True,market_maker,informed
711,368.650910195538,1,1,3,True,market_maker,informed
711,374.9940306876273,1,7,1,False,uninformed,market_maker
718,373.96566594108344,1,14,1,False,uninformed,market_maker
718,374.05062848537415,1,14,1,False,uninformed,market_maker
719,373.1196906005032,1,1,2,True,market_maker,informed
719,372.3107759562019,1,1,2,True,market_maker,informed
719,372.16860825572843,1,1,2,True,market_maker,informed
719,371.9643403971863,1,1,2,True,market_maker,informed
719,371.7952903106606,1,1,2,True,market_maker,informed
721,371.71031250662213,1,1,2,True,market_maker,informed
721,370.5343473317346,1,1,2,True,market_maker,informed
721,369.8190397543459,1,1,2,True,market_maker,informed
722,366.848218358873,1,1,11,False,market_maker,uninformed
723,363.6914479198314,1,1,3,False,market_maker,informed
724,365.96965839596703,1,10,1,False,uninformed,market_maker
724,369.0916707522753,1,10,1,False,uninformed,market_maker
728,365.9358384488131,1,1,1,False,market_maker,market_maker
728,364.10665645565587,1,1,8,False,market_maker,uninformed
728,363.1877638985489,1,1,8,False,market_maker,uninformed
728,366.71330621738684,1,12,1,False,uninformed,market_maker
729,366.0035386361336,1,4,1,True,informed,market_maker
729,368.55658634821475,1,4,1,True,informed,market_maker
729,372.0716505487286,1,4,1,True,informed,market_maker
729,372.7861152937537,1,4,1,True,informed,market_maker
729,374.22090939552373,1,4,1,True,informed,market_maker
729,374.4246511403024,1,4,1,True,informed,market_maker
729,374.56092041423636,1,4,1,True,informed,market_maker
729,375.2487426364089,1,4,1,True,informed,market_maker
729,375.3683946520009,1,9,1,False,uninformed,market_maker
729,378.1490919167767,1,9,1,False,uninformed,market_maker
729,378.1490919167767,1,9,1,False,uninformed,market_maker
730,369.55723477134677,1,1,2,True,market_maker,informed
730,363.38922743024887,1,1,15,False,market_maker,uninformed
734,363.8815432920611,1,8,1,False,uninformed,market_maker
734,363.9457486059125,1,8,1,False,uninformed,market_maker
736,361.7207651443036,1,1,6,False,market_maker,uninformed
736,361.4863373844391,1,1,6,False,market_maker,uninformed
736,361.486178399005,1,1,6,False,market_maker,uninformed
739,361.2512595096993,1,1,10,False,market_maker,uninformed
739,361.12358662755946,1,1,10,False,market_maker,uninformed
739,361.05930394440486,1,1,10,False,market_maker,uninformed
739,363.5293653039271,1,11,1,False,uninformed,market_maker
739,364.07436521953224,1,11,1,False,uninformed,market_maker
739,364.30879297939674,1,14,1,False,uninformed,market_maker
739,364.30895196483084,1,14,1,False,uninformed,market_maker
740,363.56699211937416,1,8,1,False,uninformed,market_maker
740,364.3309112613336,1,8,1,False,uninformed,market_maker
740,372.11531930671686,1,10,1,False,uninformed,market_maker
740,378.28332664781476,1,10,1,False,uninformed,market_maker
741,377.1895191852514,1,1,12,False,market_maker,uninformed
741,360.74715094792043,1,1,12,False,market_maker,uninformed
741,360.70827098821064,1,1,12,False,market_maker,uninformed
742,362.2850113656093,1,2,1,True,informed,market_maker
744,371.55600552719915,1,9,1,False,uninformed,market_maker
746,371.61459530608244,1,13,1,False,uninformed,market_maker
746,371.8052502045117,1,13,1,False,uninformed,market_maker
746,380.13370076367374,1,13,1,False,uninformed,market_maker
747,383.09134887748826,1,2,1,False,informed,market_maker
747,378.69658745291395,1,1,10,False,market_maker,uninformed
747,367.52734423431025,1,1,10,False,market_maker,uninformed
749,370.2852517517916,1,4,1,False,informed,market_maker
749,367.3485175762983,1,1,9,False,market_maker,uninformed
751,367.7642679546154,1,1,13,False,market_maker,uninformed
751,367.28992779741503,1,1,13,False,market_maker,uninformed
751,367.03009934449057,1,1,13,False,market_maker,uninformed
751,365.87201874953183,1,1,13,False,market_maker,uninformed
752,367.3211709922961,1,10,1,False,uninformed,market_maker
752,371.7101206375915,1,10,1,False,uninformed,market_maker
753,362.7945315136304,1,1,4,True,market_maker,informed
755,372.3442805530437,1,2,1,False,informed,market_maker
755,358.7708223398238,1,1,9,False,market_maker,uninformed
761,360.84622484666085,1,3,1,True,informed,market_maker
761,361.0158361265176,1,3,1,True,informed,market_maker
761,361.0497835110539,1,3,1,True,informed,market_maker
761,361.0497835110539,1,3,1,True,informed,market_maker
761,361.04980850296465,1,3,1,True,informed,market_maker
766,361.7935397999629,1,1,3,True,market_maker,informed
766,361.57107420624385,1,1,3,True,market_maker,informed
766,361.12375519738947,1,1,3,True,market_maker,informed
766,360.22319720437855,1,1,3,True,market_maker,informed
768,361.9332351226705,1,3,1,True,informed,market_maker
768,363.68166884406554,1,3,1,True,informed,market_maker
768,364.59087301617575,1,3,1,True,informed,market_maker
768,365.0463633953148,1,3,1,True,informed,market_maker
768,365.27233510797225,1,3,1,True,informed,market_maker
768,358.80404209872023,1,1,7,False,market_maker,uninformed
768,356.6954198329867,1,1,7,False,market_maker,uninformed
769,358.7066011665646,1,3,1,False,informed,market_maker
770,360.92896748675986,1,5,1,False,uninformed,market_maker
772,363.34348647661693,1,7,1,False,uninformed,market_maker
773,365.9395511284452,1,10,1,False,uninformed,market_maker
774,366.05970199343443,1,1,3,True,market_maker,informed
774,363.290826230125,1,1,3,True,market_maker,informed
774,360.6800223018233,1,1,3,True,market_maker,informed
774,358.2777678522022,1,1,3,True,market_maker,informed
774,356.52580855312993,1,1,3,True,market_maker,informed
774,356.4918611685937,1,1,3,True,market_maker,informed
774,356.4918611685937,1,1,3,True,market_maker,informed
776,361.72826869333096,1,1,4,True,market_maker,informed
776,361.4527316802121,1,1,4,True,market_maker,informed
776,356.4918361766829,1,1,4,True,market_maker,informed
776,356.1110201787408,1,1,4,True,market_maker,informed
777,354.3462803393675,1,1,5,False,market_maker,uninformed
779,352.29814092353575,1,1,7,False,market_maker,uninformed
779,351.58799934722,1,1,7,False,market_maker,uninformed
779,354.2726258590429,1,10,1,False,uninformed,market_maker
779,354.9770346338418,1,10,1,False,uninformed,market_maker
779,356.8074269575778,1,11,1,False,uninformed,market_maker
781,354.9175335620738,1,1,12,False,market_maker,uninformed
781,354.36048460076785,1,1,12,False,market_maker,uninformed
793,352.11706742849066,1,1,3,True,market_maker,informed
793,351.2313350312567,1,1,3,True,market_maker,informed
793,350.7981346478706,1,1,3,True,market_maker,informed
793,350.57700646855665,1,1,3,True,market_maker,informed
793,350.47452839626226,1,1,3,True,market_maker,informed
793,350.43953875148867,1,1,3,True,market_maker,informed
793,350.409043004755,1,1,3,True,market_maker,informed
793,350.3977194676867,1,1,3,True,market_maker,informed
795,350.3859003668605,1,1,1,False,market_maker,market_maker
797,350.3761664147216,1,1,1,False,market_maker,market_maker
798,348.1294865726298,1,1,2,True,market_maker,informed
798,347.1405015304282,1,1,2,True,market_maker,informed
798,347.00294731455176,1,1,2,True,market_maker,informed
798,346.0396562990262,1,1,2,True,market_maker,informed
799,344.14906688075126,1,14,1,False,uninformed,market_maker
799,348.15479025120294,1,14,1,False,uninformed,market_maker
799,350.6067454859803,1,14,1,False,uninformed,market_maker
800,344.0182638942188,1,1,3,True,market_maker,informed
800,342.0475715602177,1,1,3,True,market_maker,informed
803,338.17418824916734,1,1,1,False,market_maker,market_maker
804,335.4676355304449,1,1,7,False,market_maker,uninformed
804,334.1144189078605,1,1,7,False,market_maker,uninformed
806,329.9811343899847,1,1,1,False,market_maker,market_maker
807,327.79068398396566,1,10,1,False,uninformed,market_maker
807,332.2336438853949,1,10,1,False,uninformed,market_maker
807,336.39408371483495,1,10,1,False,uninformed,market_maker
809,330.05360554402375,1,1,1,False,market_maker,market_maker
809,332.3721148582848,1,5,1,False,uninformed,market_maker
809,340.4481937263046,1,5,1,False,uninformed,market_maker
809,346.0863537932357,1,5,1,False,uninformed,market_maker
813,337.598573903329,1,8,1,False,uninformed,market_maker
815,336.94023623771136,1,11,1,False,uninformed,market_maker
815,337.7677200718631,1,11,1,False,uninformed,market_maker
815,339.4328053407565,1,15,1,False,uninformed,market_maker
815,352.921831951821,1,15,1,False,uninformed,market_maker
815,352.9533409110397,1,15,1,False,uninformed,market_maker
816,342.4194091837066,1,1,12,False,market_maker,uninformed
816,336.9105392513724,1,1,12,False,market_maker,uninformed
816,334.8557361250091,1,1,12,False,market_maker,uninformed
818,340.07952801007957,1,3,1,True,informed,market_maker
818,345.3966434305075,1,3,1,True,informed,market_maker
818,352.975170492072,1,3,1,True,informed,market_maker
818,353.0186618544755,1,3,1,True,informed,market_maker
818,353.0736141346477,1,3,1,True,informed,market_maker
818,353.15927631700947,1,3,1,True,informed,market_maker
818,353.2802305296765,1,3,1,True,informed,market_maker
818,353.50422279530187,1,3,1,True,informed,market_maker
820,346.8857988890855,1,9,1,False,uninformed,market_maker
820,353.95045883032884,1,9,1,False,uninformed,market_maker
821,351.0786064818905,1,3,1,False,informed,market_maker
821,354.83209935004123,1,3,1,False,informed,market_maker
821,357.1151303860635,1,3,1,False,informed,market_maker
821,357.626898072209,1,3,1,False,informed,market_maker
821,364.14864054537907,1,3,1,False,informed,market_maker
821,364.235904218373,1,3,1,False,informed,market_maker
821,368.74691667248356,1,3,1,False,informed,market_maker
825,372.34103751626077,1,6,1,False,uninformed,market_maker
825,369.6137069370574,1,1,12,False,market_maker,uninformed
825,368.1027711620862,1,1,12,False,market_maker,uninformed
825,347.7654041845893,1,1,12,False,market_maker,uninformed
829,358.7375976362973,1,1,11,False,market_maker,uninformed
829,357.6591321028308,1,1,11,False,market_maker,uninformed
830,355.542205500524,1,12,1,False,uninformed,market_maker
832,355.4971781053217,1,1,12,False,market_maker,uninformed
833,351.4794517377038,1,1,13,False,market_maker,uninformed
838,354.30548236718613,1,8,1,False,uninformed,market_maker
838,354.85353678447217,1,8,1,False,uninformed,market_maker
838,355.06429001990796,1,8,1,False,uninformed,market_maker
842,355.18280914055185,1,4,1,True,informed,market_maker
842,356.2059378345213,1,4,1,True,informed,market_maker
842,356.5805582134525,1,4,1,True,informed,market_maker
842,356.74540571357676,1,4,1,True,informed,market_maker
842,359.7136141235038,1,4,1,True,informed,market_maker
842,361.9477724307007,1,4,1,True,informed,market_maker
842,363.02812761083476,1,4,1,True,informed,market_maker
842,373.791876976003,1,4,1,True,informed,market_maker
844,378.03839460789806,1,7,1,False,uninformed,market_maker
844,381.15963530794346,1,7,1,False,uninformed,market_maker
844,376.9269228033342,1,1,13,False,market_maker,uninformed
844,374.77844562177194,1,1,13,False,market_maker,uninformed
847,379.37402873238466,1,3,1,True,informed,market_maker
847,382.0296469335114,1,3,1,True,informed,market_maker
849,383.0603602714711,1,1,7,False,market_maker,uninformed
849,378.0577690751131,1,1,7,False,market_maker,uninformed
850,385.8726695350147,1,5,1,False,uninformed,market_maker
850,387.1114079464879,1,5,1,False,uninformed,market_maker
852,392.16839086574026,1,9,1,False,uninformed,market_maker
853,393.51045520618106,1,1,7,False,market_maker,uninformed
853,388.24820755437923,1,1,7,False,market_maker,uninformed
853,397.4931891700171,1,15,1,False,uninformed,market_maker
854,402.6478417457787,1,5,1,False,uninformed,market_maker
855,404.0642011231549,1,1,3,True,market_maker,informed
855,398.69842762097574,1,1,3,True,market_maker,informed
855,382.0062873422116,1,1,3,True,market_maker,informed
855,375.42976074986404,1,1,3,True,market_maker,informed
855,353.49503250601504,1,1,3,True,market_maker,informed
855,352.76892637237694,1,1,3,True,market_maker,informed
855,352.20934647854455,1,1,3,True,market_maker,informed
855,351.11358598713093,1,1,3,True,market_maker,informed
855,408.0764956780808,1,15,1,False,uninformed,market_maker
856,408.08319396089166,1,1,2,True,market_maker,informed
856,350.9330549545142,1,1,2,True,market_maker,informed
856,350.63445270462836,1,1,2,True,market_maker,informed
856,350.12586010820127,1,1,2,True,market_maker,informed
856,343.66266393479617,1,1,2,True,market_maker,informed
856,336.9434509484422,1,1,2,True,market_maker,informed
856,334.68671062124713,1,1,2,True,market_maker,informed
856,334.0272926592464,1,1,2,True,market_maker,informed
858,368.355832916262,1,1,3,True,market_maker,informed
858,327.5040680402605,1,1,3,True,market_maker,informed
858,326.9832625984396,1,1,3,True,market_maker,informed
859,351.20722225254576,1,12,1,False,uninformed,market_maker
859,372.0384521064416,1,12,1,False,uninformed,market_maker
862,376.6913548674591,1,1,3,False,market_maker,informed
862,376.59791115786896,1,1,3,False,market_maker,informed
862,376.4097063047166,1,1,3,False,market_maker,informed
862,345.9757343341861,1,1,3,False,market_maker,informed
862,325.4932703415143,1,1,3,False,market_maker,informed
863,327.2834833283926,1,10,1,False,uninformed,market_maker
863,382.09565352986334,1,10,1,False,uninformed,market_maker
863,382.28670135662827,1,10,1,False,uninformed,market_maker
864,354.8580596810091,1,7,1,False,uninformed,market_maker
864,382.3815566026171,1,7,1,False,uninformed,market_maker
867,378.38444415369287,1,1,7,False,market_maker,uninformed
867,378.1953464804526,1,1,7,False,market_maker,uninformed
869,369.1227563927348,1,13,1,False,uninformed,market_maker
869,369.30741009778365,1,13,1,False,uninformed,market_maker
869,383.9082671221513,1,13,1,False,uninformed,market_maker
870,371.5225677472513,1,1,7,False,market_maker,uninformed
870,363.80630667030925,1,1,7,False,market_maker,uninformed
870,363.6244035169741,1,1,7,False,market_maker,uninformed
872,365.71254474235786,1,3,1,True,informed,market_maker
872,365.89549248860214,1,3,1,True,informed,market_maker
872,377.1318667066964,1,3,1,True,informed,market_maker
872,384.10022125571237,1,3,1,True,informed,market_maker
872,412.15056235205077,1,3,1,True,informed,market_maker
873,416.0659926943953,1,9,1,False,uninformed,market_maker
874,420.2266526213392,1,12,1,False,uninformed,market_maker
875,424.63903247386327,1,3,1,False,informed,market_maker
876,418.33563268454316,1,1,2,True,market_maker,informed
876,413.9856627309233,1,1,2,True,market_maker,informed
876,409.8837342591145,1,1,2,True,market_maker,informed
876,360.4452120642436,1,1,2,True,market_maker,informed
876,360.2649894582115,1,1,2,True,market_maker,informed
876,349.5721898744399,1,1,2,True,market_maker,informed
878,347.12518454531886,1,1,13,False,market_maker,uninformed
879,322.4010842732699,1,1,5,False,market_maker,uninformed
880,319.82187559908374,1,1,3,False,market_maker,informed
881,317.1033896564915,1,1,4,False,market_maker,informed
883,318.5275009794388,1,15,1,False,uninformed,market_maker
883,319.0060099944305,1,15,1,False,uninformed,market_maker
883,321.9007177904778,1,15,1,False,uninformed,market_maker
884,321.8495780726808,1,5,1,False,uninformed,market_maker
884,324.6578918631828,1,5,1,False,uninformed,market_maker
884,352.36876739343546,1,5,1,False,uninformed,market_maker
885,355.54008629997634,1,2,1,True,informed,market_maker
886,353.58461582532647,1,1,2,False,market_maker,informed
886,350.25455478907486,1,1,2,False,market_maker,informed
886,317.05777294008504,1,1,2,False,market_maker,informed
886,314.24945914958306,1,1,2,False,market_maker,informed
886,313.77808496085873,1,1,2,False,market_maker,informed
886,358.91771711982614,1,10,1,False,uninformed,market_maker
889,361.60959999822484,1,4,1,True,informed,market_maker
889,361.60959999822484,1,4,1,True,informed,market_maker
889,361.60959999822484,1,4,1,True,informed,market_maker
890,359.4399423982355,1,1,12,False,market_maker,uninformed
892,363.6095924825366,1,2,1,False,informed,market_maker
892,363.9732020750191,1,2,1,False,informed,market_maker
892,364.8640863982088,1,2,1,False,informed,market_maker
893,358.55961949581706,1,1,12,False,market_maker,uninformed
893,358.20141807773933,1,1,12,False,market_maker,uninformed
894,361.425230840439,1,5,1,False,uninformed,market_maker
896,364.8587705334232,1,2,1,False,informed,market_maker
896,365.58848807449,1,2,1,False,informed,market_maker
899,363.9433398781548,1,1,14,False,market_maker,uninformed
899,360.1562668549582,1,1,14,False,market_maker,uninformed
899,359.43739207081654,1,1,14,False,market_maker,uninformed
900,365.9162567379013,1,7,1,False,uninformed,market_maker
902,363.2879780292582,1,1,3,True,market_maker,informed
902,360.8252242049594,1,1,3,True,market_maker,informed
902,356.22583424142744,1,1,3,True,market_maker,informed
902,356.22583424142744,1,1,3,True,market_maker,informed
902,356.22583424142744,1,1,3,True,market_maker,informed
902,356.0522095692729,1,1,3,True,market_maker,informed
905,353.77104295677435,1,1,6,False,market_maker,uninformed
905,353.12407621152096,1,1,6,False,market_maker,uninformed
908,352.8840759731471,1,9,1,False,uninformed,market_maker
908,353.24378486484335,1,9,1,False,uninformed,market_maker
908,353.96166562150773,1,9,1,False,uninformed,market_maker
909,355.25206338764735,1,2,1,False,informed,market_maker
909,356.9098794479135,1,2,1,False,informed,market_maker
909,358.26823850788634,1,2,1,False,informed,market_maker
909,368.42491815778175,1,2,1,False,informed,market_maker
909,369.42716719927216,1,2,1,False,informed,market_maker
909,352.1779146219819,1,1,8,False,market_maker,uninformed
909,350.8739904966881,1,1,8,False,market_maker,uninformed
909,350.18219994111615,1,1,8,False,market_maker,uninformed
910,351.87157190687736,1,12,1,False,uninformed,market_maker
912,350.6856551623119,1,1,4,False,market_maker,informed
912,349.82546383766135,1,1,4,False,market_maker,informed
912,348.843010175296,1,1,4,False,market_maker,informed
913,347.16695574462,1,1,2,False,market_maker,informed
915,348.2691083916409,1,15,1,False,uninformed,market_maker
915,350.1702215957967,1,15,1,False,uninformed,market_maker
915,353.7612317952566,1,15,1,False,uninformed,market_maker
918,352.6408700316388,1,1,7,False,market_maker,uninformed
918,355.38771269389116,1,11,1,False,uninformed,market_maker
918,355.6396834151051,1,11,1,False,uninformed,market_maker
918,355.6913112779736,1,11,1,False,uninformed,market_maker
921,355.2374063482036,1,1,10,False,market_maker,uninformed
921,357.75349894625276,1,11,1,False,uninformed,market_maker
921,358.2809646863123,1,11,1,False,uninformed,market_maker
924,360.5163133223868,1,8,1,False,uninformed,market_maker
924,361.06939122726124,1,8,1,False,uninformed,market_maker
924,361.5141180156849,1,8,1,False,uninformed,market_maker
925,361.41582624518395,1,1,14,False,market_maker,uninformed
925,358.8016033481393,1,1,14,False,market_maker,uninformed
925,364.14300861229566,1,15,1,False,uninformed,market_maker
926,366.59607351897637,1,8,1,False,uninformed,market_maker
926,363.87480175728876,1,1,15,False,market_maker,uninformed
926,358.3616521105714,1,1,15,False,market_maker,uninformed
926,357.4787399089831,1,1,15,False,market_maker,uninformed
927,356.8516773781277,1,1,2,False,market_maker,informed
927,354.69619754352846,1,1,2,False,market_maker,informed
927,352.5904795196145,1,1,2,False,market_maker,informed
927,352.4885121284173,1,1,2,False,market_maker,informed
927,345.37046918610986,1,1,2,False,market_maker,informed
929,346.59279892937485,1,4,1,True,informed,market_maker
929,346.63929412441354,1,4,1,True,informed,market_maker
929,359.5357173994743,1,4,1,True,informed,market_maker
933,361.56077982986073,1,2,1,False,informed,market_maker
933,362.1666497007213,1,2,1,False,informed,market_maker
933,362.2239695104264,1,2,1,False,informed,market_maker
934,361.2273686734379,1,1,10,False,market_maker,uninformed
934,358.4003617855634,1,1,10,False,market_maker,uninformed
935,360.3298565808786,1,1,12,False,market_maker,uninformed
935,358.34364703926,1,1,12,False,market_maker,uninformed
935,364.1305436591999,1,13,1,False,uninformed,market_maker
937,360.4963490830415,1,1,4,False,market_maker,informed
937,360.1363958598295,1,1,4,False,market_maker,informed
937,358.22972640388684,1,1,4,False,market_maker,informed
937,343.8027689736587,1,1,4,False,market_maker,informed
937,343.41107599466847,1,1,4,False,market_maker,informed
937,363.84828215562317,1,12,1,False,uninformed,market_maker
937,364.21231361042663,1,12,1,False,uninformed,market_maker
937,365.03169019496704,1,12,1,False,uninformed,market_maker
939,366.9105513017709,1,10,1,False,uninformed,market_maker
941,365.3858882854006,1,1,5,False,market_maker,uninformed
941,365.20522705653957,1,1,5,False,market_maker,uninformed
941,363.1528290881632,1,1,11,False,market_maker,uninformed
943,364.31385115795166,1,3,1,True,informed,market_maker
943,364.65930818580904,1,3,1,True,informed,market_maker
943,368.982786098304,1,4,1,True,informed,market_maker
943,369.1692188760204,1,4,1,True,informed,market_maker
944,371.45880759947556,1,4,1,False,informed,market_maker
947,370.93946005085706,1,1,8,False,market_maker,uninformed
947,370.60509315895945,1,1,8,False,market_maker,uninformed
950,371.0634752273091,1,1,8,False,market_maker,uninformed
950,373.7127343940601,1,10,1,False,uninformed,market_maker
950,373.8825463100096,1,10,1,False,uninformed,market_maker
950,373.9836242163924,1,10,1,False,uninformed,market_maker
956,372.75615586864103,1,1,11,False,market_maker,uninformed
956,372.60974520968557,1,1,11,False,market_maker,uninformed
956,372.3242399794321,1,1,11,False,market_maker,uninformed
957,371.77403085299517,1,1,3,True,market_maker,informed
957,371.7648212965059,1,1,3,True,market_maker,informed
957,370.5214613075508,1,1,3,True,market_maker,informed
957,370.0483674053571,1,1,3,True,market_maker,informed
958,371.56454332199235,1,13,1,False,uninformed,market_maker
960,369.82296239461175,1,1,4,False,market_maker,informed
960,369.27498036434986,1,1,4,False,market_maker,informed
960,368.9773469005265,1,1,4,False,market_maker,informed
960,367.61796859031733,1,1,4,False,market_maker,informed
960,360.920044332341,1,1,4,False,market_maker,informed
960,360.5399220076802,1,1,4,False,market_maker,informed
961,371.88185670831183,1,7,1,False,uninformed,market_maker
961,372.4472800417044,1,7,1,False,uninformed,market_maker
961,374.407973516415,1,7,1,False,uninformed,market_maker
964,371.47985929145676,1,1,5,False,market_maker,uninformed
964,370.07661256265635,1,1,5,False,market_maker,uninformed
966,370.3434236831959,1,13,1,False,uninformed,market_maker
967,373.5827386746116,1,10,1,False,uninformed,market_maker
969,370.15739056479464,1,9,1,False,uninformed,market_maker
969,371.270896922341,1,9,1,False,uninformed,market_maker
969,374.41718307290427,1,15,1,False,uninformed,market_maker
969,374.54294645022264,1,15,1,False,uninformed,market_maker
970,374.7661404005578,1,4,1,False,informed,market_maker
970,374.9770373965321,1,4,1,False,informed,market_maker
970,375.0896399002747,1,4,1,False,informed,market_maker
970,375.25178997722924,1,4,1,False,informed,market_maker
970,375.39131280637264,1,4,1,False,informed,market_maker
970,367.7716755773352,1,1,6,False,market_maker,uninformed
971,369.88104908654213,1,3,1,True,informed,market_maker
971,366.84918854161555,1,1,7,False,market_maker,uninformed
971,366.6680542173826,1,1,7,False,market_maker,uninformed
971,366.39784541928293,1,1,7,False,market_maker,uninformed
973,368.1459288001155,1,9,1,False,uninformed,market_maker
976,368.1472004169129,1,4,1,True,informed,market_maker
976,368.33070137617034,1,4,1,True,informed,market_maker
976,368.4224805744155,1,4,1,True,informed,market_maker
976,368.4684202073961,1,4,1,True,informed,market_maker
977,371.1486303197544,1,4,1,True,informed,market_maker
980,374.0443436021128,1,9,1,False,uninformed,market_maker
981,370.4798088193145,1,1,5,False,market_maker,uninformed
981,367.63055219607475,1,1,5,False,market_maker,uninformed
982,369.76962089964934,1,12,1,False,uninformed,market_maker
983,369.5404899271753,1,1,12,False,market_maker,uninformed
984,372.0472373477244,1,10,1,False,uninformed,market_maker
984,372.2173695975212,1,14,1,False,uninformed,market_maker
989,374.59431385257767,1,1,11,False,market_maker,uninformed
989,374.42996620916347,1,1,11,False,market_maker,uninformed
989,374.11003179880964,1,1,11,False,market_maker,uninformed
990,374.8591408786062,1,10,1,False,uninformed,market_maker
990,376.18559249219084,1,10,1,False,uninformed,market_maker
991,373.55866305162726,1,1,2,True,market_maker,informed
991,373.469309202772,1,1,2,True,market_maker,informed
991,372.18111990361894,1,1,2,True,market_maker,informed
991,369.34863601790494,1,1,2,True,market_maker,informed
991,367.32963625348054,1,1,2,True,market_maker,informed
991,364.9691850772982,1,1,2,True,market_maker,informed
991,364.9238693329066,1,1,2,True,market_maker,informed
991,364.8326595604205,1,1,2,True,market_maker,informed
991,376.26644392991363,1,8,1,False,uninformed,market_maker
991,376.83756785785334,1,8,1,False,uninformed,market_maker
992,364.6497620384504,1,1,9,False,market_maker,uninformed
992,364.648490421653,1,1,9,False,market_maker,uninformed
993,362.95968583980897,1,1,2,True,market_maker,informed
994,363.8220940828156,1,2,1,False,informed,market_maker
994,365.6079980226537,1,2,1,False,informed,market_maker
994,377.16059857262337,1,2,1,False,informed,market_maker
994,377.3173051099992,1,2,1,False,informed,market_maker
996,376.0384428504618,1,1,9,False,market_maker,uninformed
996,375.90954544694233,1,1,9,False,market_maker,uninformed
996,361.0083985392829,1,1,15,False,market_maker,uninformed
997,358.9426000241697,1,1,2,True,market_maker,informed
1000,356.4331091442109,1,1,10,False,market_maker,uninformed
1000,355.8966650420238,1,1,12,False,market_maker,uninformed
1000,355.63209384050526,1,1,12,False,market_maker,uninformed
1002,352.6191064176755,1,1,7,False,market_maker,uninformed
1002,351.58734317088977,1,1,7,False,market_maker,uninformed
1007,349.58206819515374,1,3,1,True,informed,market_maker
1007,349.9424155713142,1,3,1,True,informed,market_maker
1007,350.65576520903755,1,3,1,True,informed,market_maker
1007,352.0715740053909,1,3,1,True,informed,market_maker
1007,355.41566076172387,1,3,1,True,informed,market_maker
1007,356.511288700292,1,3,1,True,informed,market_maker
1007,359.5631055458882,1,3,1,True,informed,market_maker
1007,359.83649464787067,1,3,1,True,informed,market_maker
1007,360.375263104056,1,4,1,True,informed,market_maker
1007,362.3521802573175,1,4,1,True,informed,market_maker
1007,378.97348467464656,1,4,1,True,informed,market_maker
1007,379.47988804192863,1,4,1,True,informed,market_maker
1007,348.2904135910215,1,1,14,False,market_maker,uninformed
1007,346.9047744369892,1,1,14,False,market_maker,uninformed
1007,346.2079785135445,1,1,14,False,market_maker,uninformed
1011,348.2259956009685,1,5,1,False,uninformed,market_maker
1011,349.0648936723853,1,5,1,False,uninformed,market_maker
1011,349.06667771368785,1,5,1,False,uninformed,market_maker
1015,349.06921545875855,1,4,1,True,informed,market_maker
1015,350.0075913182805,1,4,1,True,informed,market_maker
1015,350.07078435868385,1,4,1,True,informed,market_maker
1015,350.2120076027878,1,4,1,True,informed,market_maker
1018,351.88897557658316,1,1,8,False,market_maker,uninformed
1018,350.47887144523276,1,1,8,False,market_maker,uninformed
1018,346.9469568604399,1,1,8,False,market_maker,uninformed
1020,351.66322471519214,1,4,1,True,informed,market_maker
1020,352.55174557419036,1,4,1,True,informed,market_maker
1020,352.7468398211652,1,4,1,True,informed,market_maker
1020,354.14963853488035,1,4,1,True,informed,market_maker
1023,356.89302587690645,1,1,1,False,market_maker,market_maker
1023,356.14056285596564,1,1,2,True,market_maker,informed
1023,354.59359793966814,1,1,2,True,market_maker,informed
1023,350.2532582445839,1,1,2,True,market_maker,informed
1023,349.38914817136566,1,1,10,False,market_maker,uninformed
1025,353.0975923664576,1,1,4,True,market_maker,informed
1025,352.2757672574067,1,1,4,True,market_maker,informed
1026,349.8913120284956,1,1,7,False,market_maker,uninformed
1026,346.55727278387997,1,1,7,False,market_maker,uninformed
1026,346.30930788122936,1,1,7,False,market_maker,uninformed
1028,347.85378247847245,1,1,15,False,market_maker,uninformed
1028,345.8578296505327,1,1,15,False,market_maker,uninformed
1028,345.36597349174156,1,1,15,False,market_maker,uninformed
1028,345.364189450439,1,1,15,False,market_maker,uninformed
1032,345.9376699752053,1,1,3,False,market_maker,informed
1032,345.36165170536833,1,1,3,False,market_maker,informed
1032,345.2404838216866,1,1,3,False,market_maker,informed
1032,344.8951170994001,1,1,3,False,market_maker,informed
1032,344.72399118245335,1,1,3,False,market_maker,informed
1032,344.5361694046341,1,1,3,False,market_maker,informed
1033,341.6141512175948,1,1,9,False,market_maker,uninformed
1034,338.5347003507278,1,1,4,False,market_maker,informed
1034,340.93584642106816,1,6,1,False,uninformed,market_maker
1034,344.01282589762707,1,6,1,False,uninformed,market_maker
1034,347.1375499484428,1,6,1,False,uninformed,market_maker
1035,344.33469828313207,1,1,3,False,market_maker,informed
1035,346.8161636642176,1,7,1,False,uninformed,market_maker
1035,347.31036723010146,1,7,1,False,uninformed,market_maker
1035,347.6549996936339,1,7,1,False,uninformed,market_maker
1037,347.7492764290818,1,14,1,False,uninformed,market_maker
1037,348.34638164335234,1,14,1,False,uninformed,market_maker
1037,350.3137507180362,1,15,1,False,uninformed,market_maker
1038,346.7084419634783,1,1,4,True,market_maker,informed
1038,345.1271379603306,1,1,4,True,market_maker,informed
1039,342.7862835894734,1,1,8,False,market_maker,uninformed
1039,345.39722950342576,1,11,1,False,uninformed,market_maker
1040,345.69160759709195,1,7,1,False,uninformed,market_maker
1040,343.03046803273907,1,1,12,False,market_maker,uninformed
1042,340.71415562075504,1,1,7,False,market_maker,uninformed
1045,338.2506771027222,1,1,6,False,market_maker,uninformed
1048,337.0907255753384,1,1,1,False,market_maker,market_maker
1048,336.49204170015474,1,1,14,False,market_maker,uninformed
1048,335.45435923674165,1,1,14,False,market_maker,uninformed
1048,334.9262670032384,1,1,14,False,market_maker,uninformed
1049,334.6615092661548,1,1,14,False,market_maker,uninformed
1050,333.36080393975425,1,4,1,False,informed,market_maker
1050,335.3712826274306,1,4,1,False,informed,market_maker
1050,337.3588503137852,1,4,1,False,informed,market_maker
1050,337.89433197187407,1,4,1,False,informed,market_maker
1050,338.9621772445568,1,4,1,False,informed,market_maker
1050,339.5759349842939,1,4,1,False,informed,market_maker
1050,340.79263504944265,1,4,1,False,informed,market_maker
1050,343.2885976365267,1,4,1,False,informed,market_maker
1050,349.3335258598156,1,8,1,False,uninformed,market_maker
1051,340.8791119620962,1,1,14,False,market_maker,uninformed
1051,332.9529649748196,1,1,14,False,market_maker,uninformed
1054,334.8751634115819,1,1,2,True,market_maker,informed
1054,334.0493549017107,1,1,2,True,market_maker,informed
1054,330.95349817688253,1,1,2,True,market_maker,informed
1056,328.2926507591361,1,1,2,True,market_maker,informed
1056,326.9408116706489,1,1,2,True,market_maker,informed
1057,323.9466956947975,1,1,2,True,market_maker,informed
1058,323.4987037483439,1,10,1,False,uninformed,market_maker
1058,326.6655195297938,1,12,1,False,uninformed,market_maker
1058,329.68151922422777,1,12,1,False,uninformed,market_maker
1058,330.9667176092139,1,12,1,False,uninformed,market_maker
1058,320.83127398860825,1,1,14,False,market_maker,uninformed
1059,318.2301059941635,1,1,3,True,market_maker,informed
1065,315.4873573529329,1,1,1,False,market_maker,market_maker
1068,314.0658251143262,1,1,1,False,market_maker,market_maker
1068,313.3567120918811,1,1,2,True,market_maker,informed
1068,312.9997800470078,1,1,2,True,market_maker,informed
1068,312.82372340294836,1,1,2,True,market_maker,informed
1068,312.11738779039433,1,1,2,True,market_maker,informed
1068,311.67911884961575,1,1,2,True,market_maker,informed
1068,311.4602299667772,1,1,2,True,market_maker,informed
1071,307.88062232940183,1,5,1,False,uninformed,market_maker
1071,310.4151560683332,1,5,1,False,uninformed,market_maker
1072,307.9894233505551,1,1,2,True,market_maker,informed
1072,307.83340041571955,1,1,2,True,market_maker,informed
1072,305.7310699810205,1,1,2,True,market_maker,informed
1074,302.2238435301603,1,1,1,False,market_maker,market_maker
1075,299.75947376141073,1,1,15,False,market_maker,uninformed
1075,298.5756548394336,1,1,15,False,market_maker,uninformed
1076,296.9371956280262,1,10,1,False,uninformed,market_maker
1076,300.69756964957276,1,10,1,False,uninformed,market_maker
1076,304.3465993121843,1,10,1,False,uninformed,market_maker
1078,299.1199900420562,1,1,3,False,market_maker,informed
1078,294.83975226373116,1,1,3,False,market_maker,informed
1078,301.2661643360291,1,10,1,False,uninformed,market_maker
1078,310.0833251952968,1,10,1,False,uninformed,market_maker
1079,306.5891386246599,1,1,4,True,market_maker,informed
1079,308.9262618880043,1,12,1,False,uninformed,market_maker
1079,314.28310541805195,1,12,1,False,uninformed,market_maker
1079,314.72596219623904,1,12,1,False,uninformed,market_maker
1082,311.2594119609227,1,1,1,False,market_maker,market_maker
1084,309.1997068617882,1,1,3,False,market_maker,informed
1084,308.20323725375096,1,1,3,False,market_maker,informed
1084,307.18394957160535,1,1,3,False,market_maker,informed
1086,303.7140538662795,1,10,1,False,uninformed,market_maker
1086,306.1567355547613,1,10,1,False,uninformed,market_maker
1089,303.29622039530375,1,1,1,False,market_maker,market_maker
1089,303.94495027652715,1,9,1,False,uninformed,market_maker
1091,303.09715077821284,1,1,1,False,market_maker,market_maker
1091,303.9890284602464,1,4,1,True,informed,market_maker
1091,305.9787556304815,1,4,1,True,informed,market_maker
1091,310.0732724634015,1,4,1,True,informed,market_maker
1091,312.0959368573933,1,4,1,True,informed,market_maker
1091,314.1010749230043,1,4,1,True,informed,market_maker
1091,315.61107090439145,1,4,1,True,informed,market_maker
1091,315.96502933857806,1,4,1,True,informed,market_maker
1091,316.6791332853987,1,4,1,True,informed,market_maker
1091,318.10878368144665,1,10,1,False,uninformed,market_maker
1092,311.83081440884087,1,3,1,False,informed,market_maker
1092,320.86579179114415,1,3,1,False,informed,market_maker
1092,336.89247445968067,1,3,1,False,informed,market_maker
1092,337.7482244193869,1,3,1,False,informed,market_maker
1092,343.35566255591823,1,3,1,False,informed,market_maker
1092,352.30970354597594,1,3,1,False,informed,market_maker
1092,354.5920188531359,1,3,1,False,informed,market_maker
1092,355.53736320936133,1,3,1,False,informed,market_maker
1094,332.9553316024818,1,1,2,False,market_maker,informed
1094,332.7913427511985,1,1,2,False,market_maker,informed
1094,308.91887458639894,1,1,2,False,market_maker,informed
1094,301.12788455679146,1,1,2,False,market_maker,informed
1094,301.06510091707764,1,1,2,False,market_maker,informed
1094,300.86327843618506,1,1,2,False,market_maker,informed
1094,300.14211345768854,1,1,2,False,market_maker,informed
1094,300.0637506988549,1,1,10,False,market_maker,uninformed
1096,301.7141013276986,1,4,1,True,informed,market_maker
1096,336.01021585369233,1,4,1,True,informed,market_maker
1096,337.18383011961885,1,4,1,True,informed,market_maker
1096,358.54775076778355,1,4,1,True,informed,market_maker
1096,359.30198323344973,1,4,1,True,informed,market_maker
1099,356.96526278549095,1,1,7,False,market_maker,uninformed
1099,362.17639909931734,1,14,1,False,uninformed,market_maker
1099,362.357487298867,1,14,1,False,uninformed,market_maker
1102,365.4375259409074,1,6,1,False,uninformed,market_maker
1102,365.80296346684827,1,6,1,False,uninformed,market_maker
1105,360.36216579505583,1,1,7,False,market_maker,uninformed
1105,360.00216363142437,1,1,7,False,market_maker,uninformed
1108,363.06218202229144,1,10,1,False,uninformed,market_maker
1108,363.42524420431374,1,10,1,False,uninformed,market_maker
1113,366.8777840242547,1,3,1,False,informed,market_maker
1113,367.6115395923032,1,3,1,False,informed,market_maker
1113,362.50869673204403,1,1,4,True,market_maker,informed
1113,362.1492581719124,1,1,4,True,market_maker,informed
1113,361.42640536119,1,1,4,True,market_maker,informed
1113,358.0198117173879,1,1,4,True,market_maker,informed
1113,357.6621495678201,1,1,4,True,market_maker,informed
1113,356.78686935081555,1,1,4,True,market_maker,informed
1113,297.2131450672158,1,1,4,True,market_maker,informed
1114,367.9763995485153,1,11,1,False,uninformed,market_maker
1117,365.2165765519014,1,1,2,True,market_maker,informed
1117,365.2165765519014,1,1,2,True,market_maker,informed
1118,362.11223565121026,1,1,4,True,market_maker,informed
1119,364.2849090651175,1,13,1,False,uninformed,market_maker
1119,367.59048429948876,1,13,1,False,uninformed,market_maker
