timestamp,price,quantity,buyer_id,seller_id,is_toxic,buyer_type,seller_type
2,249.375,2,1,4,True,market_maker,informed
2,249.375,2,1,4,True,market_maker,informed
2,249.375,2,1,4,True,market_maker,informed
4,248.5025615625,2,14,1,False,uninformed,market_maker
4,249.2503125,1,14,1,False,uninformed,market_maker
5,248.87550187500003,2,12,1,False,uninformed,market_maker
6,248.00343750000002,2,1,3,False,market_maker,informed
6,247.880994375,2,1,3,False,market_maker,informed
6,247.63236750000002,1,1,3,False,market_maker,informed
8,247.63236750000002,1,1,8,False,market_maker,uninformed
11,247.2594271875,2,1,1,False,market_maker,market_maker
12,247.0121677603125,2,1,1,False,market_maker,market_maker
12,247.29179508125608,2,3,1,True,informed,market_maker
12,247.81924164384355,2,3,1,True,informed,market_maker
12,248.25405900093753,2,3,1,True,informed,market_maker
12,249.12412875,2,3,1,True,informed,market_maker
12,249.2503125,1,15,1,False,uninformed,market_maker
12,250.625,1,15,1,False,uninformed,market_maker
14,249.59667183995077,2,14,1,False,uninformed,market_maker
14,250.625,1,14,1,False,uninformed,market_maker
16,249.6140749281349,2,1,5,False,market_maker,uninformed
16,248.35366052600682,1,1,5,False,market_maker,uninformed
17,249.2398409327404,2,1,10,False,market_maker,uninformed
18,248.9216331069211,2,1,4,True,market_maker,informed
18,248.35366052600682,1,1,4,True,market_maker,informed
18,246.5795255775912,2,1,4,True,market_maker,informed
18,246.05409840917773,2,1,4,True,market_maker,informed
18,245.7919574675718,1,1,4,True,market_maker,informed
19,246.49246439354974,2,1,3,False,market_maker,informed
19,245.7919574675718,1,1,3,False,market_maker,informed
19,245.6690695322596,2,1,3,False,market_maker,informed
20,247.73236612591168,2,12,1,False,uninformed,market_maker
20,250.16873547719626,1,12,1,False,uninformed,market_maker
24,248.26387478600887,1,1,14,False,market_maker,uninformed
24,247.0392696599361,1,1,14,False,market_maker,uninformed
24,246.53154211141543,1,1,14,False,market_maker,uninformed
26,244.46429458752286,1,11,1,False,uninformed,market_maker
26,245.92893611710636,1,11,1,False,uninformed,market_maker
26,248.30081729620667,1,11,1,False,uninformed,market_maker
28,244.47846679010974,1,1,3,True,market_maker,informed
28,244.1757696003875,1,1,3,True,market_maker,informed
28,242.69978289566606,1,1,3,True,market_maker,informed
29,242.13217059381816,1,9,1,False,uninformed,market_maker
29,246.2841839052263,1,15,1,False,uninformed,market_maker
29,248.80529588965373,1,15,1,False,uninformed,market_maker
29,249.8220775490889,1,15,1,False,uninformed,market_maker
31,250.16873547719626,1,6,1,False,uninformed,market_maker
31,240.35499780276598,1,1,10,False,market_maker,uninformed
32,238.44708863593627,1,1,13,False,market_maker,uninformed
33,238.36383037966263,1,3,1,False,informed,market_maker
33,240.34006698717354,1,3,1,False,informed,market_maker
33,250.48728758405545,2,3,1,False,informed,market_maker
33,250.625,2,3,1,False,informed,market_maker
34,242.12516925531955,1,1,4,True,market_maker,informed
34,236.38432309448646,1,1,4,True,market_maker,informed
35,236.84610004870046,1,2,1,True,informed,market_maker
35,244.1536398545252,1,2,1,True,informed,market_maker
36,241.1510406999929,1,1,15,False,market_maker,uninformed
36,234.7406245248,1,1,15,False,market_maker,uninformed
40,234.47094545476793,1,9,1,False,uninformed,market_maker
40,234.60186349983397,1,15,1,False,uninformed,market_maker
40,234.85644067799296,1,15,1,False,uninformed,market_maker
40,235.36296916830435,1,15,1,False,uninformed,market_maker
41,239.36523943572413,1,4,1,True,informed,market_maker
41,243.4865353880199,1,4,1,True,informed,market_maker
41,250.625,2,4,1,True,informed,market_maker
41,250.86152157944994,2,4,1,True,informed,market_maker
46,252.86696761217692,1,15,1,False,uninformed,market_maker
49,251.9141440168958,1,1,3,False,market_maker,informed
49,251.7439252536126,1,1,3,False,market_maker,informed
49,251.44349995684604,1,1,3,False,market_maker,informed
49,250.84077841147536,1,1,3,False,market_maker,informed
49,250.73025460488202,1,1,3,False,market_maker,informed
49,250.5242100609769,1,1,3,False,market_maker,informed
49,250.11038315462022,1,1,3,False,market_maker,informed
49,236.82765715489413,1,1,3,False,market_maker,informed
52,244.417663925388,1,8,1,False,uninformed,market_maker
52,244.59210593751496,1,8,1,False,uninformed,market_maker
52,253.7105840827372,1,8,1,False,uninformed,market_maker
52,253.91940101245467,1,15,1,False,uninformed,market_maker
52,254.01543686112626,1,15,1,False,uninformed,market_maker
53,254.6215166248491,1,4,1,False,informed,market_maker
53,254.92562103808945,1,4,1,False,informed,market_maker
53,255.05672884746306,1,4,1,False,informed,market_maker
55,257.4694704039919,1,4,1,False,informed,market_maker
55,258.2146284950754,1,4,1,False,informed,market_maker
57,257.74723340509377,1,1,12,False,market_maker,uninformed
57,254.96410096713944,1,1,12,False,market_maker,uninformed
57,260.74774061301764,1,13,1,False,uninformed,market_maker
58,263.1727369038038,1,3,1,False,informed,market_maker
58,260.14797850652263,1,1,12,False,market_maker,uninformed
58,254.17432766401893,1,1,12,False,market_maker,uninformed
59,241.57639974305258,1,1,4,False,market_maker,informed
61,243.81146929126737,1,3,1,True,informed,market_maker
64,243.79687723375875,1,1,2,False,market_maker,informed
64,243.06743262694758,1,1,2,False,market_maker,informed
64,241.26467324949897,1,1,2,False,market_maker,informed
64,240.54921219355305,1,1,2,False,market_maker,informed
64,232.9445767586717,1,1,2,False,market_maker,informed
64,232.28033638416565,1,1,2,False,market_maker,informed
64,232.02965139323905,1,1,2,False,market_maker,informed
64,231.90662870309146,1,1,2,False,market_maker,informed
65,246.01837477133475,1,6,1,False,uninformed,market_maker
65,246.75618758671843,1,6,1,False,uninformed,market_maker
67,248.41505174521765,1,3,1,False,informed,market_maker
67,248.6068589936188,1,3,1,False,informed,market_maker
67,245.0973234282192,1,1,7,False,market_maker,uninformed
67,244.90551617981805,1,1,7,False,market_maker,uninformed
68,246.74230755116668,1,2,1,True,informed,market_maker
69,248.71624601157603,1,3,1,True,informed,market_maker
71,250.7995250333979,1,4,1,True,informed,market_maker
71,251.05270829082028,1,4,1,True,informed,market_maker
73,249.70069108541708,1,1,14,False,market_maker,uninformed
73,247.37514614887013,1,1,14,False,market_maker,uninformed
74,247.13039948177732,1,1,5,False,market_maker,uninformed
74,245.0151113983085,1,1,5,False,market_maker,uninformed
74,243.06872480846943,1,1,5,False,market_maker,uninformed
76,244.68496207079292,1,13,1,False,uninformed,market_maker
76,253.40893632938673,1,13,1,False,uninformed,market_maker
82,255.43620782002182,1,5,1,False,uninformed,market_maker
82,255.4872577264269,1,5,1,False,uninformed,market_maker
83,255.56392592393183,1,5,1,False,uninformed,market_maker
83,255.58921516333828,1,5,1,False,uninformed,market_maker
83,255.95545079410766,1,5,1,False,uninformed,market_maker
83,252.43404965306422,1,1,12,False,market_maker,uninformed
83,252.06413243570063,1,1,12,False,market_maker,uninformed
84,254.31695379481815,1,9,1,False,uninformed,market_maker
87,256.22124966323463,1,9,1,False,uninformed,market_maker
87,254.31845330211414,1,1,10,False,market_maker,uninformed
87,253.68424269537573,1,1,10,False,market_maker,uninformed
87,251.9634399551295,1,1,10,False,market_maker,uninformed
88,251.76089131196858,1,1,5,False,market_maker,uninformed
88,251.63507377508103,1,1,5,False,market_maker,uninformed
88,250.81956760632593,1,1,5,False,market_maker,uninformed
89,250.26730741424686,1,10,1,False,uninformed,market_maker
89,256.8618027873927,1,10,1,False,uninformed,market_maker
90,258.43362082022225,1,14,1,False,uninformed,market_maker
91,257.4113113157945,1,1,9,False,market_maker,uninformed
91,255.803708360138,1,1,9,False,market_maker,uninformed
91,247.80391419448333,1,1,9,False,market_maker,uninformed
94,252.08596808178294,1,3,1,False,informed,market_maker
94,252.1660611798068,1,3,1,False,informed,market_maker
94,260.23123118711067,1,3,1,False,informed,market_maker
96,262.0416938236265,1,7,1,False,uninformed,market_maker
96,262.53652547851044,1,7,1,False,uninformed,market_maker
97,264.5897671455216,1,15,1,False,uninformed,market_maker
98,263.97288379707857,1,1,3,False,market_maker,informed
98,261.7959664388918,1,1,3,False,market_maker,informed
98,259.4884953233739,1,1,3,False,market_maker,informed
98,259.20146224415623,1,1,3,False,market_maker,informed
98,249.35468192666514,1,1,3,False,market_maker,informed
98,249.27458882864127,1,1,3,False,market_maker,informed
98,241.20941882133744,1,1,3,False,market_maker,informed
98,266.7941890968377,1,5,1,False,uninformed,market_maker
100,265.3688129320562,1,1,10,False,market_maker,uninformed
100,265.3659774252698,1,1,10,False,market_maker,uninformed
101,263.6798560709708,1,1,10,False,market_maker,uninformed
107,261.8672065350865,1,1,14,False,market_maker,uninformed
107,261.4783997304396,1,1,14,False,market_maker,uninformed
107,261.27925206906576,1,1,14,False,market_maker,uninformed
109,261.06450815644934,1,2,1,True,informed,market_maker
109,261.8949373774637,1,2,1,True,informed,market_maker
109,264.09912286089485,1,2,1,True,informed,market_maker
109,264.30041983442845,1,2,1,True,informed,market_maker
109,264.7014660386422,1,2,1,True,informed,market_maker
109,266.52136682471826,1,2,1,True,informed,market_maker
109,268.21956526161927,1,2,1,True,informed,market_maker
109,268.22240076840563,1,2,1,True,informed,market_maker
114,267.6343286883619,1,1,8,False,market_maker,uninformed
114,267.5004216149545,1,1,8,False,market_maker,uninformed
114,267.233188426528,1,1,8,False,market_maker,uninformed
119,263.22734800110015,1,1,12,False,market_maker,uninformed
120,263.04670456446894,1,1,4,False,market_maker,informed
120,263.01231257672697,1,1,4,False,market_maker,informed
120,262.99746979182913,1,1,4,False,market_maker,informed
120,262.77090536428955,1,1,4,False,market_maker,informed
120,259.0958912482534,1,1,13,False,market_maker,uninformed
120,258.3633479833906,1,1,13,False,market_maker,uninformed
122,258.44949807103905,1,11,1,False,uninformed,market_maker
122,264.9325427368741,1,11,1,False,uninformed,market_maker
124,260.27592971353533,1,4,1,True,informed,market_maker
124,261.045383953384,1,4,1,True,informed,market_maker
124,265.1849752164756,1,4,1,True,informed,market_maker
124,265.21932034137575,1,4,1,True,informed,market_maker
124,265.2685328574318,1,4,1,True,informed,market_maker
124,265.3521791843933,1,4,1,True,informed,market_maker
124,269.7480579118201,1,4,1,True,informed,market_maker
124,270.0178059697319,1,4,1,True,informed,market_maker
126,265.89391266095413,1,3,1,True,informed,market_maker
126,266.2027175292324,1,3,1,True,informed,market_maker
126,270.1513993179395,1,3,1,True,informed,market_maker
133,272.0948854435092,1,11,1,False,uninformed,market_maker
133,272.6646522644122,1,11,1,False,uninformed,market_maker
133,270.73442130265266,1,1,12,False,market_maker,uninformed
133,273.05959620474573,1,13,1,False,uninformed,market_maker
134,272.8447848181293,1,1,2,True,market_maker,informed
134,270.34303725713755,1,1,2,True,market_maker,informed
135,274.17910324382575,1,4,1,False,informed,market_maker
135,275.1858247647953,1,4,1,False,informed,market_maker
136,277.28874609871156,1,5,1,False,uninformed,market_maker
137,277.23788160794174,1,1,2,True,market_maker,informed
137,275.0092042042326,1,1,2,True,market_maker,informed
137,271.9272529473133,1,1,2,True,market_maker,informed
137,269.5586701889594,1,1,2,True,market_maker,informed
137,263.7927814935725,1,1,2,True,market_maker,informed
137,263.57212032886093,1,1,2,True,market_maker,informed
137,258.78569657598166,1,1,2,True,market_maker,informed
139,270.03919987431584,1,6,1,False,uninformed,market_maker
139,270.3261417901816,1,6,1,False,uninformed,market_maker
141,275.3405659737877,1,4,1,False,informed,market_maker
142,275.47098386505695,1,1,7,False,market_maker,uninformed
142,272.8215212451551,1,1,7,False,market_maker,uninformed
142,267.78315504726356,1,1,7,False,market_maker,uninformed
151,274.28181571508287,1,2,1,False,informed,market_maker
151,274.41303680683745,1,2,1,False,informed,market_maker
151,274.4677385400705,1,2,1,False,informed,market_maker
151,274.4846117627689,1,2,1,False,informed,market_maker
151,274.51153662752773,1,2,1,False,informed,market_maker
151,274.5333461106346,1,2,1,False,informed,market_maker
151,274.54367785799764,1,2,1,False,informed,market_maker
151,274.54937321381203,1,2,1,False,informed,market_maker
153,276.34473925002203,1,1,4,True,market_maker,informed
153,275.1125739333142,1,1,4,True,market_maker,informed
153,272.15085108172127,1,1,4,True,market_maker,informed
153,272.1451950750553,1,1,4,True,market_maker,informed
153,272.1338493854198,1,1,4,True,market_maker,informed
153,272.1121827817231,1,1,4,True,market_maker,informed
153,272.0687284220994,1,1,4,True,market_maker,informed
153,271.98151957943975,1,1,4,True,market_maker,informed
155,271.91121910971333,1,1,7,False,market_maker,uninformed
155,271.7694145863172,1,1,7,False,market_maker,uninformed
157,271.32145964281943,1,1,9,False,market_maker,uninformed
157,271.18814863304965,1,1,9,False,market_maker,uninformed
157,267.7651243088586,1,1,9,False,market_maker,uninformed
158,264.26472193846945,1,1,13,False,market_maker,uninformed
158,257.99565757424216,1,1,13,False,market_maker,uninformed
158,256.21029111187505,1,1,13,False,market_maker,uninformed
159,254.25036463291838,1,1,3,False,market_maker,informed
160,252.06382642702852,1,1,2,False,market_maker,informed
163,249.76974025588834,1,1,4,False,market_maker,informed
163,248.6735894999884,1,1,4,False,market_maker,informed
166,247.05487460016843,1,4,1,True,informed,market_maker
166,248.4215317123666,1,4,1,True,informed,market_maker
166,250.92712306335244,1,4,1,True,informed,market_maker
166,252.08933816032544,1,4,1,True,informed,market_maker
166,254.4028999217449,1,4,1,True,informed,market_maker
166,256.3767455530486,1,4,1,True,informed,market_maker
166,266.22687813505087,1,4,1,True,informed,market_maker
166,273.5590519182632,1,4,1,True,informed,market_maker
167,260.7165158437759,1,11,1,False,uninformed,market_maker
167,273.69825076369665,1,11,1,False,uninformed,market_maker
169,266.31525986014987,1,1,3,True,market_maker,informed
169,266.0952627901034,1,1,3,True,market_maker,informed
169,258.39213999018085,1,1,3,True,market_maker,informed
169,246.1902378031103,1,1,3,True,market_maker,informed
169,244.83653018297338,1,1,3,True,market_maker,informed
170,242.6425938032785,1,1,2,False,market_maker,informed
172,243.6131641784916,1,2,1,True,informed,market_maker
172,245.56144738157042,1,2,1,True,informed,market_maker
172,269.2883240836042,1,2,1,True,informed,market_maker
172,269.3361527198477,1,2,1,True,informed,market_maker
172,239.9735252714424,1,1,5,False,market_maker,uninformed
173,237.6937767813637,1,1,2,False,market_maker,informed
173,241.29337966043536,1,6,1,False,uninformed,market_maker
173,277.52723227594976,1,6,1,False,uninformed,market_maker
173,278.013216821976,1,15,1,False,uninformed,market_maker
173,278.78194608718366,1,15,1,False,uninformed,market_maker
173,279.557920558271,1,15,1,False,uninformed,market_maker
174,281.65460496245805,1,11,1,False,uninformed,market_maker
175,283.9078418021577,1,11,1,False,uninformed,market_maker
175,279.68302272772087,1,1,12,False,market_maker,uninformed
175,277.46123615408396,1,1,12,False,market_maker,uninformed
179,279.5421954252396,1,2,1,False,informed,market_maker
179,275.38027688292834,1,1,12,False,market_maker,uninformed
180,273.3149248063064,1,1,6,False,market_maker,uninformed
182,275.0905152153106,1,3,1,True,informed,market_maker
182,275.22812927995056,1,3,1,True,informed,market_maker
182,277.4456289595503,1,3,1,True,informed,market_maker
182,271.12840540785595,1,1,10,False,market_maker,uninformed
184,270.992841205152,1,1,11,False,market_maker,uninformed
185,269.23050657000095,1,1,5,False,market_maker,uninformed
186,271.115120115991,1,2,1,False,informed,market_maker
186,273.29743265111875,1,2,1,False,informed,market_maker
187,275.4838121123277,1,14,1,False,uninformed,market_maker
189,277.8254245152825,1,10,1,False,uninformed,market_maker
189,278.10324993979776,1,10,1,False,uninformed,market_maker
189,273.9668605009312,1,1,14,False,market_maker,uninformed
189,273.69316733359756,1,1,14,False,market_maker,uninformed
191,272.1860759076751,1,1,15,False,market_maker,uninformed
191,271.91416174592916,1,1,15,False,market_maker,uninformed
191,271.38435062256093,1,1,15,False,market_maker,uninformed
194,270.15690263517376,1,1,7,False,market_maker,uninformed
195,272.25970257888787,1,2,1,False,informed,market_maker
195,273.3122231890624,1,2,1,False,informed,market_maker
195,273.44894766289383,1,2,1,False,informed,market_maker
195,276.01955925593313,1,2,1,False,informed,market_maker
195,276.29557881518906,1,2,1,False,informed,market_maker
198,276.1784670411742,1,1,6,False,market_maker,uninformed
198,276.01912793906524,1,1,10,False,market_maker,uninformed
198,275.69857957305635,1,1,10,False,market_maker,uninformed
199,272.4546519584715,1,1,7,False,market_maker,uninformed
199,269.37572599959356,1,1,7,False,market_maker,uninformed
203,272.2785249712345,1,10,1,False,uninformed,market_maker
203,272.3581836104185,1,10,1,False,uninformed,market_maker
203,272.49680716677307,1,10,1,False,uninformed,market_maker
205,272.7733845350394,1,13,1,False,uninformed,market_maker
205,272.8916006302531,1,13,1,False,uninformed,market_maker
206,271.2170284642456,1,1,2,True,market_maker,informed
206,270.79805310212555,1,1,2,True,market_maker,informed
206,270.7197626109559,1,1,2,True,market_maker,informed
206,270.5663088594724,1,1,2,True,market_maker,informed
206,270.2995465343442,1,1,2,True,market_maker,informed
206,270.1618692998007,1,1,2,True,market_maker,informed
206,270.1030430061865,1,1,2,True,market_maker,informed
206,269.2410381365938,1,1,2,True,market_maker,informed
208,268.32623754984235,1,1,4,False,market_maker,informed
208,267.6633730930734,1,1,4,False,market_maker,informed
208,267.0766625174409,1,1,4,False,market_maker,informed
208,269.68328779803034,1,6,1,False,uninformed,market_maker
208,270.36715682720404,1,6,1,False,uninformed,market_maker
208,272.9668406174427,1,10,1,False,uninformed,market_maker
208,273.3635125959021,1,10,1,False,uninformed,market_maker
208,274.6425388348894,1,10,1,False,uninformed,market_maker
209,273.2013898156442,1,1,3,False,market_maker,informed
209,275.25976023763,1,5,1,False,uninformed,market_maker
209,277.7214647937674,1,5,1,False,uninformed,market_maker
209,278.23104649430877,1,14,1,False,uninformed,market_maker
209,278.3927365807577,1,14,1,False,uninformed,market_maker
212,279.52298621777345,1,2,1,True,informed,market_maker
212,279.5406988795582,1,2,1,True,informed,market_maker
216,279.1043722602205,1,1,7,False,market_maker,uninformed
217,280.9548575067324,1,7,1,False,uninformed,market_maker
217,281.2365916631314,1,7,1,False,uninformed,market_maker
220,279.85944300540706,1,1,8,False,market_maker,uninformed
220,279.52535960584567,1,1,8,False,market_maker,uninformed
220,278.963527972901,1,1,8,False,market_maker,uninformed
222,281.0380090607598,1,5,1,False,uninformed,market_maker
222,281.37393160489245,1,5,1,False,uninformed,market_maker
224,281.62789690181927,1,8,1,False,uninformed,market_maker
224,281.65260616131445,1,8,1,False,uninformed,market_maker
226,280.43375529745975,1,1,2,True,market_maker,informed
226,279.88665940401927,1,1,2,True,market_maker,informed
226,279.6069276041265,1,1,2,True,market_maker,informed
226,279.02154419427575,1,1,2,True,market_maker,informed
226,278.68562165014305,1,1,2,True,market_maker,informed
228,280.42895657241866,1,2,1,False,informed,market_maker
228,281.8811971421471,1,2,1,False,informed,market_maker
228,281.90939992643246,1,2,1,False,informed,market_maker
228,282.45763696179887,1,2,1,False,informed,market_maker
230,282.0163637183615,1,1,2,False,market_maker,informed
230,278.4351556714273,1,1,2,False,market_maker,informed
230,277.2624869437419,1,1,2,False,market_maker,informed
230,277.2447742819572,1,1,2,False,market_maker,informed
231,276.25715535480964,1,1,7,False,market_maker,uninformed
234,276.95546819941393,1,4,1,False,informed,market_maker
234,277.9551484348228,1,4,1,False,informed,market_maker
234,283.7462831161216,1,4,1,False,informed,market_maker
235,284.88501882564793,1,7,1,False,uninformed,market_maker
237,284.2784106148201,1,1,10,False,market_maker,uninformed
237,283.99607407819786,1,1,10,False,market_maker,uninformed
237,282.8912936897114,1,1,15,False,market_maker,uninformed
237,275.0063281994957,1,1,15,False,market_maker,uninformed
238,273.59659997956265,1,1,11,False,market_maker,uninformed
239,274.50385313322687,1,11,1,False,uninformed,market_maker
239,275.86604376302984,1,11,1,False,uninformed,market_maker
239,286.3437336107493,1,11,1,False,uninformed,market_maker
241,280.59682163305683,1,5,1,False,uninformed,market_maker
243,280.6504102631629,1,14,1,False,uninformed,market_maker
243,286.63173688181604,1,14,1,False,uninformed,market_maker
245,285.9795063624185,1,1,11,False,market_maker,uninformed
245,285.6247604752084,1,1,11,False,market_maker,uninformed
245,277.903472274719,1,1,11,False,market_maker,uninformed
245,288.4986084990692,1,14,1,False,uninformed,market_maker
245,289.00504766532055,1,14,1,False,uninformed,market_maker
246,287.7710230940965,1,1,2,False,market_maker,informed
246,277.84988364461293,1,1,2,False,market_maker,informed
246,271.8685570259598,1,1,2,False,market_maker,informed
247,270.3021101862112,1,1,7,False,market_maker,uninformed
247,273.16313530868234,1,15,1,False,uninformed,market_maker
247,290.81708233187527,1,15,1,False,uninformed,market_maker
248,292.68557472278894,1,6,1,False,uninformed,market_maker
249,290.6489212028264,1,1,7,False,market_maker,uninformed
249,288.9485899409616,1,1,12,False,market_maker,uninformed
251,286.6478330486871,1,1,14,False,market_maker,uninformed
252,288.4863685744583,1,13,1,False,uninformed,market_maker
252,290.96039824329506,1,13,1,False,uninformed,market_maker
252,295.0149138174743,1,13,1,False,uninformed,market_maker
253,292.9700320090193,1,1,8,False,market_maker,uninformed
253,284.2360018568186,1,1,8,False,market_maker,uninformed
257,286.08254104288136,1,3,1,False,informed,market_maker
257,286.2256538698163,1,3,1,False,informed,market_maker
257,297.3548105397467,1,3,1,False,informed,market_maker
259,295.42200427123834,1,1,15,False,market_maker,uninformed
259,281.962113841964,1,1,15,False,market_maker,uninformed
260,281.82113278504306,1,1,8,False,market_maker,uninformed
263,279.56656372276274,1,1,5,False,market_maker,uninformed
265,283.2271718138002,1,14,1,False,uninformed,market_maker
266,283.3678708559333,1,12,1,False,uninformed,market_maker
266,283.36938809124024,1,12,1,False,uninformed,market_maker
267,279.6618123091598,1,1,7,False,market_maker,uninformed
267,279.4267804409014,1,1,7,False,market_maker,uninformed
267,279.14689959194226,1,1,7,False,market_maker,uninformed
267,279.14629735962717,1,1,14,False,market_maker,uninformed
267,279.0062005498092,1,1,14,False,market_maker,uninformed
272,279.0521020689465,1,11,1,False,uninformed,market_maker
272,279.12818213106254,1,11,1,False,uninformed,market_maker
272,276.7679196546973,1,1,14,False,market_maker,uninformed
272,276.2163993480068,1,1,14,False,market_maker,uninformed
276,275.9467979784746,1,1,7,False,market_maker,uninformed
276,277.85308904923323,1,10,1,False,uninformed,market_maker
276,277.9647441656096,1,10,1,False,uninformed,market_maker
276,278.1870248826046,1,10,1,False,uninformed,market_maker
276,275.80229007433195,1,1,11,False,market_maker,uninformed
276,275.73220751324175,1,1,11,False,market_maker,uninformed
277,277.95315593978853,1,13,1,False,uninformed,market_maker
277,278.62981481210403,1,13,1,False,uninformed,market_maker
277,279.2746376653372,1,13,1,False,uninformed,market_maker
279,278.3998121685587,1,3,1,False,informed,market_maker
279,278.5364272631047,1,3,1,False,informed,market_maker
279,279.5661841968175,1,3,1,False,informed,market_maker
279,280.1284566427218,1,3,1,False,informed,market_maker
279,283.65198377418113,1,3,1,False,informed,market_maker
279,283.69849128803025,1,3,1,False,informed,market_maker
279,283.7938807145384,1,3,1,False,informed,market_maker
279,299.88232642933457,1,3,1,False,informed,market_maker
279,276.23341121305424,1,1,7,False,market_maker,uninformed
279,276.09264138836215,1,1,7,False,market_maker,uninformed
280,275.4811779604201,1,1,14,False,market_maker,uninformed
280,275.2804346823928,1,1,14,False,market_maker,uninformed
280,275.0608110497473,1,1,14,False,market_maker,uninformed
282,275.0496148471906,1,1,14,False,market_maker,uninformed
282,274.95063001056286,1,1,14,False,market_maker,uninformed
282,274.5231785372201,1,1,14,False,market_maker,uninformed
284,275.19754350511823,1,2,1,False,informed,market_maker
284,276.14856518437404,1,2,1,False,informed,market_maker
288,275.58001971225434,1,1,4,True,market_maker,informed
288,275.46953960255075,1,1,4,True,market_maker,informed
288,273.57429039078465,1,1,4,True,market_maker,informed
293,272.4550132748567,1,1,5,False,market_maker,uninformed
293,272.18242356640184,1,1,11,False,market_maker,uninformed
293,272.0456901331453,1,1,11,False,market_maker,uninformed
297,271.5317213601444,1,2,1,False,informed,market_maker
297,272.2118295013826,1,2,1,False,informed,market_maker
297,273.73540292341954,1,2,1,False,informed,market_maker
297,273.8724072021851,1,2,1,False,informed,market_maker
297,270.5193223142422,1,1,10,False,market_maker,uninformed
299,270.87387141658024,1,1,14,False,market_maker,uninformed
302,269.9600272211039,1,1,3,False,market_maker,informed
303,270.7280997374241,1,3,1,True,informed,market_maker
303,271.0254933495362,1,3,1,True,informed,market_maker
303,271.2306145655168,1,3,1,True,informed,market_maker
303,271.64011577316796,1,3,1,True,informed,market_maker
303,272.57116106379027,1,3,1,True,informed,market_maker
306,272.9699729140377,1,4,1,True,informed,market_maker
306,273.105501689943,1,4,1,True,informed,market_maker
306,274.146418925931,1,4,1,True,informed,market_maker
306,277.1037393313817,1,4,1,True,informed,market_maker
306,277.2695458611451,1,4,1,True,informed,market_maker
309,277.1538791772726,1,1,9,False,market_maker,uninformed
309,271.4276448306865,1,1,9,False,market_maker,uninformed
310,279.0488298201845,1,2,1,True,informed,market_maker
311,280.71938939558856,1,9,1,False,uninformed,market_maker
312,280.53512051068464,1,1,8,False,market_maker,uninformed
312,278.7735143938813,1,1,8,False,market_maker,uninformed
312,271.29104309858553,1,1,8,False,market_maker,uninformed
312,269.8426025759413,1,1,14,False,market_maker,uninformed
312,269.5571282142637,1,1,14,False,market_maker,uninformed
314,277.12238074819777,1,12,1,False,uninformed,market_maker
314,277.3278312573661,1,12,1,False,uninformed,market_maker
314,282.587974616866,1,12,1,False,uninformed,market_maker
316,282.5252720719945,1,1,12,False,market_maker,uninformed
316,282.04676423395995,1,1,12,False,market_maker,uninformed
318,281.1711471587614,1,10,1,False,uninformed,market_maker
319,281.48473644213107,1,9,1,False,uninformed,market_maker
320,280.04208047290865,1,1,9,False,market_maker,uninformed
320,279.4793082284734,1,1,9,False,market_maker,uninformed
320,279.0597952816697,1,1,9,False,market_maker,uninformed
321,279.291097566778,1,1,10,False,market_maker,uninformed
321,278.8134000178627,1,1,10,False,market_maker,uninformed
322,279.4988287569196,1,4,1,True,informed,market_maker
322,281.7087024641532,1,4,1,True,informed,market_maker
322,281.9060402929131,1,4,1,True,informed,market_maker
322,282.4660387455207,1,4,1,True,informed,market_maker
322,284.2595368982395,1,4,1,True,informed,market_maker
322,284.9136416624694,1,4,1,True,informed,market_maker
325,286.8657778272667,1,7,1,False,uninformed,market_maker
325,287.6472842004671,1,9,1,False,uninformed,market_maker
325,287.9723158225814,1,9,1,False,uninformed,market_maker
326,290.44118984564244,1,3,1,True,informed,market_maker
327,287.807220326101,1,1,13,False,market_maker,uninformed
329,290.24463125366077,1,10,1,False,uninformed,market_maker
329,291.4240366961875,1,10,1,False,uninformed,market_maker
331,294.1729245727112,1,6,1,False,uninformed,market_maker
334,296.1652937009309,1,1,5,False,market_maker,uninformed
334,297.0359119287163,1,15,1,False,uninformed,market_maker
334,298.6701572470279,1,15,1,False,uninformed,market_maker
337,301.64835144979213,1,1,1,False,market_maker,market_maker
337,303.46865070902425,1,8,1,False,uninformed,market_maker
337,304.31892505339613,1,8,1,False,uninformed,market_maker
338,307.61481504368595,1,7,1,False,uninformed,market_maker
340,311.11239830728056,1,12,1,False,uninformed,market_maker
342,314.80225296443996,1,1,1,False,market_maker,market_maker
344,317.2923668624712,1,1,1,False,market_maker,market_maker
345,318.46514886115955,1,1,1,False,market_maker,market_maker
345,320.41793521944476,1,4,1,False,informed,market_maker
345,316.26510169543343,1,1,8,False,market_maker,uninformed
346,320.33865119885996,1,13,1,False,uninformed,market_maker
346,318.13453379823073,1,1,15,False,market_maker,uninformed
348,320.3499166005346,1,1,1,False,market_maker,market_maker
349,321.00559547407613,1,1,1,False,market_maker,market_maker
351,322.8514130182369,1,1,1,False,market_maker,market_maker
351,321.9817695165379,1,1,2,True,market_maker,informed
351,318.1232683965561,1,1,2,True,market_maker,informed
351,312.40034202303764,1,1,2,True,market_maker,informed
351,308.7314540057467,1,1,2,True,market_maker,informed
351,305.2835000138538,1,1,2,True,market_maker,informed
351,301.061251810282,1,1,2,True,market_maker,informed
351,299.27600493122793,1,1,2,True,market_maker,informed
351,294.54583938700597,1,1,2,True,market_maker,informed
351,291.5893891866256,1,1,7,False,market_maker,uninformed
351,288.8045293122825,1,1,7,False,market_maker,uninformed
351,287.67226716115005,1,1,7,False,market_maker,uninformed
351,323.1856377075801,1,15,1,False,uninformed,market_maker
351,324.12070934957336,1,15,1,False,uninformed,market_maker
352,285.3559051532748,1,1,4,False,market_maker,informed
352,285.03269696161726,1,1,4,False,market_maker,informed
352,284.3860737059845,1,1,4,False,market_maker,informed
352,277.09702171975346,1,1,4,False,market_maker,informed
352,275.1655851563301,1,1,4,False,market_maker,informed
352,275.09492701161855,1,1,4,False,market_maker,informed
354,296.2302375798959,1,1,7,False,market_maker,uninformed
354,269.35336247440466,1,1,7,False,market_maker,uninformed
354,299.4845182291229,1,12,1,False,uninformed,market_maker
354,326.0636848109715,1,12,1,False,uninformed,market_maker
356,327.9982727470231,1,4,1,False,informed,market_maker
356,328.8350293879284,1,4,1,False,informed,market_maker
358,331.79387455543684,1,2,1,False,informed,market_maker
358,332.29038166125895,1,2,1,False,informed,market_maker
362,331.87663970049465,1,1,3,True,market_maker,informed
362,331.46248245037026,1,1,3,True,market_maker,informed
362,330.63294104511976,1,1,3,True,market_maker,informed
362,327.35416704855766,1,1,3,True,market_maker,informed
362,326.8626893085837,1,1,3,True,market_maker,informed
362,324.4551605597308,1,1,3,True,market_maker,informed
362,323.944630635479,1,1,3,True,market_maker,informed
362,269.0582599962025,1,1,3,True,market_maker,informed
366,266.6367356562367,1,1,4,True,market_maker,informed
367,264.1036866675024,1,1,4,True,market_maker,informed
368,261.4626498008274,1,1,15,False,market_maker,uninformed
369,258.71729197791876,1,1,7,False,market_maker,uninformed
370,255.87140176616165,1,1,2,False,market_maker,informed
371,256.7669516723432,1,11,1,False,uninformed,market_maker
371,259.7521611458304,1,11,1,False,uninformed,market_maker
371,262.63923172493116,1,11,1,False,uninformed,market_maker
374,256.5847774446119,1,1,11,False,market_maker,uninformed
374,255.94331550100034,1,1,11,False,market_maker,uninformed
377,258.1327746011295,1,5,1,False,uninformed,market_maker
377,258.58773347054375,1,10,1,False,uninformed,market_maker
378,258.8452909740005,1,2,1,True,informed,market_maker
378,259.49402603909823,1,2,1,True,informed,market_maker
378,259.8212445237428,1,2,1,True,informed,market_maker
378,260.47242558771205,1,2,1,True,informed,market_maker
379,262.34625113850086,1,10,1,False,uninformed,market_maker
379,265.4242051008399,1,10,1,False,uninformed,market_maker
379,268.10323770234595,1,10,1,False,uninformed,market_maker
382,266.80423274258277,1,12,1,False,uninformed,market_maker
382,267.07103697532534,1,12,1,False,uninformed,market_maker
383,266.80084986346486,1,6,1,False,uninformed,market_maker
383,267.2035719779402,1,6,1,False,uninformed,market_maker
384,267.42153213378197,1,1,7,False,market_maker,uninformed
384,264.69288757038345,1,1,7,False,market_maker,uninformed
385,269.5500614841609,1,4,1,True,informed,market_maker
385,270.6726095561797,1,4,1,True,informed,market_maker
385,335.6092741857044,1,4,1,True,informed,market_maker
385,336.445338318531,1,4,1,True,informed,market_maker
385,336.8627963271703,1,4,1,True,informed,market_maker
388,339.7444367253045,1,13,1,False,uninformed,market_maker
388,342.4392230575703,1,13,1,False,uninformed,market_maker
389,337.5383278302088,1,1,6,False,market_maker,uninformed
389,342.6166376772029,1,14,1,False,uninformed,market_maker
391,347.07065396700654,1,10,1,False,uninformed,market_maker
397,350.1857057090841,1,1,3,True,market_maker,informed
397,349.6674389427145,1,1,3,True,market_maker,informed
397,348.6293482739723,1,1,3,True,market_maker,informed
397,346.55004798605603,1,1,3,True,market_maker,informed
397,341.9314044018485,1,1,3,True,market_maker,informed
397,337.36354287391066,1,1,3,True,market_maker,informed
397,337.01292109598063,1,1,3,True,market_maker,informed
397,263.2292997125271,1,1,3,True,market_maker,informed
398,305.73657106698147,1,1,6,False,market_maker,uninformed
398,263.0987359791628,1,1,6,False,market_maker,uninformed
398,310.34798239529187,1,12,1,False,uninformed,market_maker
398,351.7561077955611,1,12,1,False,uninformed,market_maker
399,311.2806093471859,1,7,1,False,uninformed,market_maker
400,328.6096873910408,1,1,3,True,market_maker,informed
400,306.6553402632752,1,1,3,True,market_maker,informed
400,262.83590007908373,1,1,3,True,market_maker,informed
400,258.438412243687,1,1,3,True,market_maker,informed
400,255.6209808743356,1,1,3,True,market_maker,informed
400,254.98192842214976,1,1,3,True,market_maker,informed
400,254.72437091869304,1,1,15,False,market_maker,uninformed
400,254.27620924354284,1,1,15,False,market_maker,uninformed
401,290.607025287942,1,1,2,False,market_maker,informed
401,252.9288806458508,1,1,2,False,market_maker,informed
403,253.55804123645737,1,10,1,False,uninformed,market_maker
403,254.19352504908005,1,10,1,False,uninformed,market_maker
403,295.00571890985833,1,10,1,False,uninformed,market_maker
405,293.5855979612999,1,5,1,False,uninformed,market_maker
405,293.87947743873866,1,5,1,False,uninformed,market_maker
405,333.56360227633286,1,5,1,False,uninformed,market_maker
405,353.86664444233446,1,5,1,False,uninformed,market_maker
409,324.9488270272743,1,2,1,True,informed,market_maker
409,325.2737758543016,1,2,1,True,informed,market_maker
409,325.4351941841274,1,2,1,True,informed,market_maker
409,354.920329863236,1,2,1,True,informed,market_maker
409,355.4463823096212,1,2,1,True,informed,market_maker
411,355.26368286911406,1,1,5,False,market_maker,uninformed
411,354.0245967803827,1,1,5,False,market_maker,uninformed
411,359.356292515027,1,12,1,False,uninformed,market_maker
411,360.6140395388296,1,12,1,False,uninformed,market_maker
413,359.1715833806743,1,1,5,False,market_maker,uninformed
415,346.18497367574673,1,2,1,True,informed,market_maker
415,347.223528596774,1,2,1,True,informed,market_maker
415,364.5807939737567,1,2,1,True,informed,market_maker
416,363.4870515918355,1,1,9,False,market_maker,uninformed
417,359.6009233974581,1,14,1,False,uninformed,market_maker
417,368.9557635014418,1,14,1,False,uninformed,market_maker
418,373.5677105452099,1,3,1,False,informed,market_maker
420,378.4240907822976,1,4,1,False,informed,market_maker
420,380.5054232816002,1,4,1,False,informed,market_maker
420,374.8710882873021,1,1,15,False,market_maker,uninformed
420,372.82057512411944,1,1,15,False,market_maker,uninformed
420,368.03337409268823,1,1,15,False,market_maker,uninformed
422,368.9488571107438,1,1,3,True,market_maker,informed
422,367.11329065745656,1,1,3,True,market_maker,informed
422,354.2682354578023,1,1,3,True,market_maker,informed
424,361.2824101692262,1,7,1,False,uninformed,market_maker
424,372.63379126884684,1,7,1,False,uninformed,market_maker
424,374.49696022519106,1,7,1,False,uninformed,market_maker
429,376.82470751506384,1,1,13,False,market_maker,uninformed
430,376.3600884538264,1,1,2,False,market_maker,informed
430,375.42852141375124,1,1,2,False,market_maker,informed
430,373.56071782462806,1,1,3,False,market_maker,informed
430,355.9221370213148,1,1,3,False,market_maker,informed
430,342.06929511933544,1,1,3,False,market_maker,informed
430,341.0461566493873,1,1,3,False,market_maker,informed
430,320.5948095408335,1,1,3,False,market_maker,informed
430,320.43579207858073,1,1,3,False,market_maker,informed
432,352.444099709613,1,5,1,False,uninformed,market_maker
432,379.17817222800596,1,5,1,False,uninformed,market_maker
432,381.07406308914597,1,5,1,False,uninformed,market_maker
436,368.073307664393,1,5,1,False,uninformed,market_maker
438,364.8699875879043,1,1,10,False,market_maker,uninformed
438,364.50767842404764,1,1,10,False,market_maker,uninformed
438,363.869296321379,1,1,13,False,market_maker,uninformed
439,368.8094542797218,1,2,1,True,informed,market_maker
439,369.17550318419404,1,4,1,True,informed,market_maker
440,369.30496190599933,1,9,1,False,uninformed,market_maker
440,369.3575210019428,1,9,1,False,uninformed,market_maker
442,366.3251975984864,1,1,9,False,market_maker,uninformed
442,365.77081109427854,1,1,15,False,market_maker,uninformed
443,365.50658583634345,1,1,10,False,market_maker,uninformed
443,364.6609813943004,1,1,10,False,market_maker,uninformed
446,369.7218225898198,1,3,1,True,informed,market_maker
446,370.0027690535559,1,3,1,True,informed,market_maker
446,370.03741927381293,1,3,1,True,informed,market_maker
446,370.0915444124096,1,12,1,False,uninformed,market_maker
446,370.28043794762453,1,12,1,False,uninformed,market_maker
446,370.6264921124085,1,13,1,False,uninformed,market_maker
446,371.09693060492134,1,13,1,False,uninformed,market_maker
446,371.6557032897915,1,13,1,False,uninformed,market_maker
447,377.9619320006582,1,5,1,False,uninformed,market_maker
447,382.0196386561396,1,5,1,False,uninformed,market_maker
447,382.4912444701776,1,5,1,False,uninformed,market_maker
452,387.4958378411891,1,1,1,False,market_maker,market_maker
452,386.9192356709117,1,1,12,False,market_maker,uninformed
452,384.8901252127087,1,1,12,False,market_maker,uninformed
453,386.9492719818654,1,1,4,True,market_maker,informed
453,382.4590372772784,1,1,4,True,market_maker,informed
453,373.1011317607979,1,1,4,True,market_maker,informed
453,365.3067929472993,1,1,4,True,market_maker,informed
453,364.9418510962031,1,1,4,True,market_maker,informed
453,363.9269748885249,1,1,4,True,market_maker,informed
453,363.6899830774452,1,1,4,True,market_maker,informed
453,363.32937323544655,1,1,4,True,market_maker,informed
453,362.6041649056353,1,1,10,False,market_maker,uninformed
453,347.1993958448866,1,1,10,False,market_maker,uninformed
454,353.81795866471913,1,1,4,False,market_maker,informed
454,320.11567640217856,1,1,4,False,market_maker,informed
454,289.49975348287074,1,1,4,False,market_maker,informed
454,289.21025372938783,1,1,4,False,market_maker,informed
455,300.9903058995867,1,1,13,False,market_maker,uninformed
456,279.2169809872608,1,3,1,True,informed,market_maker
456,304.9797835703755,1,3,1,True,informed,market_maker
456,356.48081824569744,1,3,1,True,informed,market_maker
456,389.82812860573404,1,3,1,True,informed,market_maker
456,390.06945659402885,1,3,1,True,informed,market_maker
456,390.4872361428364,1,3,1,True,informed,market_maker
456,391.5087969025449,1,3,1,True,informed,market_maker
458,395.0323760746678,1,3,1,True,informed,market_maker
460,398.78518364737715,1,15,1,False,uninformed,market_maker
462,402.7730354838509,1,10,1,False,uninformed,market_maker
463,398.9780847641333,1,1,10,False,market_maker,uninformed
464,403.77996807256056,1,4,1,True,informed,market_maker
464,404.98980879372846,1,4,1,True,informed,market_maker
465,409.44469669045947,1,4,1,False,informed,market_maker
466,414.1533107023997,1,12,1,False,uninformed,market_maker
468,414.7689495987588,1,1,6,False,market_maker,uninformed
468,412.9108507702925,1,1,6,False,market_maker,uninformed
468,419.1231504308285,1,9,1,False,uninformed,market_maker
468,408.01164025204287,1,1,15,False,market_maker,uninformed
471,416.7236118810751,1,10,1,False,uninformed,market_maker
473,414.3197743375279,1,1,4,True,market_maker,informed
473,410.5407689748277,1,1,4,True,market_maker,informed
473,403.36984955855354,1,1,4,True,market_maker,informed
473,397.7832358734631,1,1,4,True,market_maker,informed
473,396.7912577291403,1,1,4,True,market_maker,informed
473,392.8596980062572,1,1,4,True,market_maker,informed
473,389.1597441211296,1,1,4,True,market_maker,informed
473,275.0516356716875,1,1,4,True,market_maker,informed
474,250.39959183939231,1,1,4,True,market_maker,informed
474,249.77359285979384,1,1,4,True,market_maker,informed
476,251.39712121338252,1,4,1,False,informed,market_maker
476,420.55639913939734,1,4,1,False,informed,market_maker
476,421.0092046077672,1,4,1,False,informed,market_maker
478,247.6505173204856,1,1,14,False,market_maker,uninformed
479,245.79313844058194,1,1,4,False,market_maker,informed
479,249.50789620038924,1,10,1,False,uninformed,market_maker
481,247.63658697888633,1,1,12,False,market_maker,uninformed
485,247.63658697888633,1,1,2,True,market_maker,informed
485,247.51183303078614,1,1,2,True,market_maker,informed
485,247.4499550725284,1,1,2,True,market_maker,informed
485,247.4187995205457,1,1,2,True,market_maker,informed
485,247.40311270012236,1,1,2,True,market_maker,informed
486,251.14408718651535,1,13,1,False,uninformed,market_maker
486,251.16001120684427,1,13,1,False,uninformed,market_maker
490,248.77399110037925,1,1,6,False,market_maker,uninformed
491,247.6079777430852,1,1,14,False,market_maker,uninformed
491,247.6079777430852,1,1,14,False,market_maker,uninformed
491,246.90580972398433,1,1,14,False,market_maker,uninformed
495,250.6468068410144,1,11,1,False,uninformed,market_maker
496,251.19163786092352,1,12,1,False,uninformed,market_maker
496,251.25445147379196,1,12,1,False,uninformed,market_maker
496,251.35771996029496,1,12,1,False,uninformed,market_maker
498,247.88969196576326,1,1,11,False,market_maker,uninformed
498,247.25228075638034,1,1,11,False,market_maker,uninformed
498,247.0734540963145,1,1,11,False,market_maker,uninformed
499,247.12750449427017,1,9,1,False,uninformed,market_maker
499,250.8151015586514,1,9,1,False,uninformed,market_maker
502,247.52817262860853,1,3,1,True,informed,market_maker
502,247.83595835848993,1,3,1,True,informed,market_maker
502,248.45256646526877,1,3,1,True,informed,market_maker
502,250.99663634582578,1,3,1,True,informed,market_maker
502,251.35771996029496,1,3,1,True,informed,market_maker
502,251.37920542189215,1,3,1,True,informed,market_maker
502,251.37920542189215,1,3,1,True,informed,market_maker
502,251.64939406837848,1,3,1,True,informed,market_maker
502,252.5413912684819,1,4,1,True,informed,market_maker
504,253.9982799895132,1,3,1,False,informed,market_maker
504,254.58877484051217,1,3,1,False,informed,market_maker
505,254.30984233562933,1,1,9,False,market_maker,uninformed
505,252.51635915772962,1,1,9,False,market_maker,uninformed
505,252.09466811252452,1,1,9,False,market_maker,uninformed
511,251.57468348417441,1,1,10,False,market_maker,uninformed
513,252.89164687907578,1,6,1,False,uninformed,market_maker
513,253.26515072601114,1,6,1,False,uninformed,market_maker
515,252.001109261899,1,1,4,True,market_maker,informed
515,251.52488448480355,1,1,4,True,market_maker,informed
515,251.46958060385649,1,1,4,True,market_maker,informed
515,251.46958060385649,1,1,4,True,market_maker,informed
515,251.4278896026767,1,1,4,True,market_maker,informed
515,251.2334295273318,1,1,4,True,market_maker,informed
515,250.85131892556018,1,1,4,True,market_maker,informed
515,246.59324308557785,1,1,4,True,market_maker,informed
516,250.15441227395087,1,11,1,False,uninformed,market_maker
516,248.2703444779957,1,1,14,False,market_maker,uninformed
520,249.41129660939157,1,12,1,False,uninformed,market_maker
520,249.67951979849315,1,12,1,False,uninformed,market_maker
520,250.17998833182975,1,12,1,False,uninformed,market_maker
521,248.24476842011683,1,1,8,False,market_maker,uninformed
521,247.74838743994954,1,1,8,False,market_maker,uninformed
521,247.51714303278118,1,1,14,False,market_maker,uninformed
522,248.25598756473656,1,1,2,False,market_maker,informed
522,245.97223666847955,1,1,2,False,market_maker,informed
522,245.66495581184907,1,1,2,False,market_maker,informed
522,245.2898895196846,1,1,2,False,market_maker,informed
523,243.4655214325709,1,1,12,False,market_maker,uninformed
524,243.2707991666285,1,2,1,True,informed,market_maker
524,245.15193849064084,1,2,1,True,informed,market_maker
524,250.16876918721002,1,2,1,True,informed,market_maker
524,253.45136729138673,1,2,1,True,informed,market_maker
524,253.45136729138673,1,2,1,True,informed,market_maker
524,253.45337441834047,1,2,1,True,informed,market_maker
524,253.55113130167157,1,2,1,True,informed,market_maker
524,253.5984726767508,1,2,1,True,informed,market_maker
524,253.98509501784366,1,8,1,False,uninformed,market_maker
524,256.3952399944381,1,8,1,False,uninformed,market_maker
529,255.58262000161216,1,1,15,False,market_maker,uninformed
529,255.3422765884147,1,1,15,False,market_maker,uninformed
529,255.3421892835553,1,1,15,False,market_maker,uninformed
531,257.45162417969965,1,7,1,False,uninformed,market_maker
531,257.4557750572942,1,7,1,False,uninformed,market_maker
532,255.34213259019685,1,1,7,False,market_maker,uninformed
532,254.8378063723436,1,1,7,False,market_maker,uninformed
532,254.83348556014388,1,1,7,False,market_maker,uninformed
532,257.46425522725843,1,14,1,False,uninformed,market_maker
532,257.9611220780703,1,14,1,False,uninformed,market_maker
532,257.9612093829297,1,14,1,False,uninformed,market_maker
533,248.44021542340815,1,1,5,False,market_maker,uninformed
535,244.7836229546895,1,1,11,False,market_maker,uninformed
535,244.64652046820476,1,1,11,False,market_maker,uninformed
538,244.98038964991161,1,3,1,False,informed,market_maker
538,245.34531089330807,1,3,1,False,informed,market_maker
538,247.32030215204117,1,3,1,False,informed,market_maker
538,247.4293061300988,1,3,1,False,informed,market_maker
538,250.9901046585002,1,3,1,False,informed,market_maker
538,257.96126607628815,1,3,1,False,informed,market_maker
538,242.7108612301168,1,1,6,False,market_maker,uninformed
538,242.34369821532812,1,1,6,False,market_maker,uninformed
538,241.46905400562017,1,1,6,False,market_maker,uninformed
539,240.1645779827519,1,1,11,False,market_maker,uninformed
543,238.74101423845212,1,1,13,False,market_maker,uninformed
543,238.6294191638396,1,1,13,False,market_maker,uninformed
544,240.76796300294916,1,7,1,False,uninformed,market_maker
545,238.7042370574079,1,1,5,False,market_maker,uninformed
545,238.58843275390763,1,1,5,False,market_maker,uninformed
548,238.23301784996426,1,1,3,False,market_maker,informed
548,237.99238352391365,1,1,3,False,market_maker,informed
548,237.63795922337363,1,1,3,False,market_maker,informed
548,239.2761374867226,1,10,1,False,uninformed,market_maker
548,239.45865235112478,1,12,1,False,uninformed,market_maker
548,239.8196991585512,1,12,1,False,uninformed,market_maker
548,240.53660407635323,1,12,1,False,uninformed,market_maker
549,238.0284578319892,1,1,15,False,market_maker,uninformed
549,237.46014937396424,1,1,15,False,market_maker,uninformed
550,237.77216776710117,1,3,1,True,informed,market_maker
550,239.84593206605078,1,3,1,True,informed,market_maker
550,235.9608302339575,1,1,12,False,market_maker,uninformed
551,234.5888927918529,1,1,10,False,market_maker,uninformed
553,234.19101833565642,1,2,1,False,informed,market_maker
553,234.89473385686762,1,2,1,False,informed,market_maker
553,236.38892435512622,1,2,1,False,informed,market_maker
553,241.13212894154896,1,2,1,False,informed,market_maker
553,241.21952772798767,1,2,1,False,informed,market_maker
553,241.34797714906892,1,2,1,False,informed,market_maker
553,242.77353002848844,1,2,1,False,informed,market_maker
554,233.11010726287896,1,1,15,False,market_maker,uninformed
554,232.64381068129077,1,1,15,False,market_maker,uninformed
555,233.6584305993957,1,14,1,False,uninformed,market_maker
557,232.69021578729433,1,1,6,False,market_maker,uninformed
557,232.578089612265,1,1,6,False,market_maker,uninformed
560,231.98418167629885,1,1,14,False,market_maker,uninformed
562,233.99498793191705,1,4,1,False,informed,market_maker
562,234.19857478755367,1,4,1,False,informed,market_maker
564,231.87547294507567,1,1,12,False,market_maker,uninformed
564,231.87531510694438,1,1,12,False,market_maker,uninformed
564,231.87374500304,1,1,12,False,market_maker,uninformed
565,231.81387490940014,1,1,9,False,market_maker,uninformed
565,233.87930898002222,1,12,1,False,uninformed,market_maker
565,234.2596628648609,1,12,1,False,uninformed,market_maker
565,234.2598207029922,1,14,1,False,uninformed,market_maker
568,234.020583887585,1,3,1,False,informed,market_maker
568,234.26139080689657,1,3,1,False,informed,market_maker
568,234.38413829362267,1,3,1,False,informed,market_maker
568,234.97243001712582,1,3,1,False,informed,market_maker
568,235.09407910191118,1,3,1,False,informed,market_maker
568,231.6370523917124,1,1,11,False,market_maker,uninformed
569,231.62919076318585,1,1,9,False,market_maker,uninformed
572,233.03813943426178,1,3,1,True,informed,market_maker
574,232.35305909327414,1,1,14,False,market_maker,uninformed
574,231.611259538886,1,1,14,False,market_maker,uninformed
574,231.4951184875774,1,1,14,False,market_maker,uninformed
576,231.88198746115197,1,1,2,False,market_maker,informed
576,231.8726912233158,1,1,2,False,market_maker,informed
576,230.6835004736363,1,1,2,False,market_maker,informed
576,233.22384720603648,1,14,1,False,uninformed,market_maker
576,233.23314344387265,1,15,1,False,uninformed,market_maker
576,234.4223341935522,1,15,1,False,uninformed,market_maker
580,233.74633485588507,1,1,2,True,market_maker,informed
580,233.714362610279,1,1,2,True,market_maker,informed
580,233.7142600495848,1,1,2,True,market_maker,informed
580,233.71401959814185,1,1,2,True,market_maker,informed
583,233.48918072821894,1,5,1,False,uninformed,market_maker
583,233.95708501362537,1,10,1,False,uninformed,market_maker
583,235.0983335312193,1,10,1,False,uninformed,market_maker
583,232.53609810426576,1,1,14,False,market_maker,uninformed
583,232.07101602343639,1,1,14,False,market_maker,uninformed
584,231.015465296201,1,1,8,False,market_maker,uninformed
585,229.83887535363723,1,1,11,False,market_maker,uninformed
588,228.53866498813028,1,1,5,False,market_maker,uninformed
590,227.88492867010473,1,5,1,False,uninformed,market_maker
590,228.5683538195878,1,5,1,False,uninformed,market_maker
590,229.98989134237598,1,9,1,False,uninformed,market_maker
590,231.26799337757998,1,9,1,False,uninformed,market_maker
590,232.43035370260145,1,9,1,False,uninformed,market_maker
595,231.63307860506146,1,9,1,False,uninformed,market_maker
595,231.6427469787036,1,9,1,False,uninformed,market_maker
595,231.66057937989416,1,9,1,False,uninformed,market_maker
597,231.69609437536107,1,4,1,True,informed,market_maker
597,231.74580084610483,1,4,1,True,informed,market_maker
597,231.98547255878088,1,4,1,True,informed,market_maker
597,235.13030577682537,1,15,1,False,uninformed,market_maker
599,232.7286427304111,1,1,5,False,market_maker,uninformed
599,230.4637240985208,1,1,13,False,market_maker,uninformed
599,230.29111507249274,1,1,13,False,market_maker,uninformed
599,230.1098030852772,1,1,13,False,market_maker,uninformed
602,234.26227210293737,1,3,1,False,informed,market_maker
602,235.13040833751958,1,3,1,False,informed,market_maker
602,235.13064878896253,1,3,1,False,informed,market_maker
603,234.9158417857002,1,1,5,False,market_maker,uninformed
605,233.403464013524,1,1,10,False,market_maker,uninformed
605,234.60251139643495,1,12,1,False,uninformed,market_maker
606,235.08161493486102,1,4,1,False,informed,market_maker
606,235.3152514435188,1,4,1,False,informed,market_maker
606,236.52110903616966,1,4,1,False,informed,market_maker
609,236.50752673370636,1,1,2,True,market_maker,informed
609,233.6498892503691,1,1,2,True,market_maker,informed
609,232.94746759396926,1,1,2,True,market_maker,informed
610,233.77160539024612,1,1,9,False,market_maker,uninformed
611,232.2748119568412,1,1,4,True,market_maker,informed
611,230.09563646323573,1,1,4,True,market_maker,informed
611,230.0779716264571,1,1,4,True,market_maker,informed
611,230.0698165151093,1,1,4,True,market_maker,informed
611,227.13774416674397,1,1,4,True,market_maker,informed
611,226.45405102226806,1,1,4,True,market_maker,informed
616,225.28165554296515,1,1,12,False,market_maker,uninformed
616,224.82370571016486,1,1,12,False,market_maker,uninformed
616,224.71417539135638,1,1,12,False,market_maker,uninformed
619,223.95515342807911,1,12,1,False,uninformed,market_maker
622,223.0945880080174,1,1,4,False,market_maker,informed
622,222.43471283545466,1,1,4,False,market_maker,informed
622,222.2119799376445,1,1,4,False,market_maker,informed
622,222.0983601755399,1,1,4,False,market_maker,informed
622,222.09482274488573,1,1,4,False,market_maker,informed
622,222.0364021991892,1,1,4,False,market_maker,informed
624,221.70249851110225,1,15,1,False,uninformed,market_maker
624,223.88767882637976,1,15,1,False,uninformed,market_maker
625,221.82167046620725,1,6,1,False,uninformed,market_maker
625,223.94709723064824,1,6,1,False,uninformed,market_maker
625,224.06523151632743,1,11,1,False,uninformed,market_maker
625,224.30111269771885,1,11,1,False,uninformed,market_maker
625,224.98547772234718,1,11,1,False,uninformed,market_maker
626,221.9934599246372,1,1,2,False,market_maker,informed
626,220.0558947154043,1,1,2,False,market_maker,informed
626,219.9279054630851,1,1,2,False,market_maker,informed
630,218.29128309874247,1,1,7,False,market_maker,uninformed
630,217.51315324122183,1,1,7,False,market_maker,uninformed
631,217.15439793537828,1,1,4,True,market_maker,informed
631,218.87447922132012,1,13,1,False,uninformed,market_maker
631,219.26905524214905,1,13,1,False,uninformed,market_maker
632,219.13346545837913,1,8,1,False,uninformed,market_maker
632,220.02503248918615,1,8,1,False,uninformed,market_maker
632,223.78524938708438,1,8,1,False,uninformed,market_maker
633,220.8124992485773,1,1,4,True,market_maker,informed
633,217.65049258398176,1,1,4,True,market_maker,informed
637,216.09520929545255,1,1,2,False,market_maker,informed
637,215.27685799926664,1,1,2,False,market_maker,informed
637,214.92960944867656,1,1,2,False,market_maker,informed
637,214.75790543603264,1,1,2,False,market_maker,informed
639,212.7299312657449,1,1,13,False,market_maker,uninformed
639,214.423542646524,1,14,1,False,uninformed,market_maker
639,216.45493908242085,1,14,1,False,uninformed,market_maker
639,216.63218108934774,1,14,1,False,uninformed,market_maker
641,215.5538700272164,1,3,1,True,informed,market_maker
641,216.51153236699696,1,3,1,True,informed,market_maker
641,216.98235270958943,1,3,1,True,informed,market_maker
641,217.68222242442312,1,3,1,True,informed,market_maker
641,222.34348541034103,1,3,1,True,informed,market_maker
641,226.61615870315438,1,3,1,True,informed,market_maker
641,226.72669107146726,1,3,1,True,informed,market_maker
641,226.94708434850418,1,3,1,True,informed,market_maker
641,214.80314018189438,1,1,12,False,market_maker,uninformed
642,224.57199525086185,1,5,1,False,uninformed,market_maker
642,233.9700865002844,1,5,1,False,uninformed,market_maker
642,235.450942126006,1,5,1,False,uninformed,market_maker
643,231.7010246569199,1,3,1,False,informed,market_maker
643,238.19033910188614,1,3,1,False,informed,market_maker
643,229.48998248003494,1,1,13,False,market_maker,uninformed
643,222.77018777163198,1,1,13,False,market_maker,uninformed
643,213.81988649520494,1,1,13,False,market_maker,uninformed
644,212.72939814361925,1,1,8,False,market_maker,uninformed
645,214.91037484679063,1,12,1,False,uninformed,market_maker
647,213.4559144069421,1,1,6,False,market_maker,uninformed
647,216.36483528663916,1,11,1,False,uninformed,market_maker
658,217.79460971772784,1,3,1,True,informed,market_maker
658,217.79779206811165,1,3,1,True,informed,market_maker
658,217.79782579920635,1,3,1,True,informed,market_maker
658,217.81900593565504,1,3,1,True,informed,market_maker
658,217.82890680838688,1,3,1,True,informed,market_maker
658,217.82933230285028,1,3,1,True,informed,market_maker
658,217.83185465273974,1,3,1,True,informed,market_maker
658,217.83185465273974,1,3,1,True,informed,market_maker
662,220.14265080778608,1,3,1,False,informed,market_maker
662,221.02164649430358,1,3,1,False,informed,market_maker
662,221.46084760353378,1,3,1,False,informed,market_maker
662,221.598343510146,1,3,1,False,informed,market_maker
662,218.8684092028826,1,1,8,False,market_maker,uninformed
662,218.5692542848719,1,1,8,False,market_maker,uninformed
664,220.0596930852416,1,1,7,False,market_maker,uninformed
664,218.36163499386566,1,1,7,False,market_maker,uninformed
664,218.1343431049686,1,1,7,False,market_maker,uninformed
669,220.56878723574806,1,1,1,False,market_maker,market_maker
669,220.3904954850528,1,1,12,False,market_maker,uninformed
669,219.98115165268175,1,1,12,False,market_maker,uninformed
669,219.19128419598178,1,1,13,False,market_maker,uninformed
673,220.2029016256917,1,12,1,False,uninformed,market_maker
675,220.21713472103968,1,1,2,True,market_maker,informed
675,220.0205954220327,1,1,2,True,market_maker,informed
675,219.6277772922923,1,1,2,True,market_maker,informed
675,219.52386493940008,1,1,2,True,market_maker,informed
675,219.31630139467615,1,1,2,True,market_maker,informed
675,218.89983038685767,1,1,2,True,market_maker,informed
675,217.26371333491528,1,1,2,True,market_maker,informed
675,214.9350608555505,1,1,2,True,market_maker,informed
676,216.80337863873055,1,1,6,False,market_maker,uninformed
676,214.93187850516668,1,1,6,False,market_maker,uninformed
676,214.93184477407198,1,1,6,False,market_maker,uninformed
680,215.61833469072695,1,4,1,True,informed,market_maker
680,215.9495142316486,1,4,1,True,informed,market_maker
680,216.5892782291001,1,4,1,True,informed,market_maker
680,218.1397411764539,1,4,1,True,informed,market_maker
680,220.66463608189832,1,4,1,True,informed,market_maker
680,220.87437648700853,1,4,1,True,informed,market_maker
680,220.96256611872684,1,4,1,True,informed,market_maker
680,220.97844280592966,1,4,1,True,informed,market_maker
682,219.16800514255624,1,2,1,False,informed,market_maker
682,219.43594360090896,1,2,1,False,informed,market_maker
682,221.31808002905913,1,2,1,False,informed,market_maker
682,221.3725489855934,1,2,1,False,informed,market_maker
682,221.46112903291387,1,2,1,False,informed,market_maker
682,221.56980986165118,1,2,1,False,informed,market_maker
682,221.7013681894865,1,2,1,False,informed,market_maker
682,221.9073686083581,1,2,1,False,informed,market_maker
682,217.91750938853465,1,1,15,False,market_maker,uninformed
682,217.74853131043437,1,1,15,False,market_maker,uninformed
682,215.16197636753486,1,1,15,False,market_maker,uninformed
683,216.6603781384137,1,10,1,False,uninformed,market_maker
686,217.59318990426814,1,1,13,False,market_maker,uninformed
686,216.73736993538836,1,1,13,False,market_maker,uninformed
686,215.16970843122874,1,1,13,False,market_maker,uninformed
689,217.95766919286842,1,5,1,False,uninformed,market_maker
689,218.31666936654636,1,5,1,False,uninformed,market_maker
690,218.5070394722132,1,2,1,False,informed,market_maker
690,219.2010655548743,1,2,1,False,informed,market_maker
690,219.26727371892218,1,2,1,False,informed,market_maker
691,221.17610032452822,1,3,1,False,informed,market_maker
691,219.5511198505054,1,1,9,False,market_maker,uninformed
691,217.65279125031338,1,1,9,False,market_maker,uninformed
691,216.88913887281478,1,1,9,False,market_maker,uninformed
692,216.9431003508281,1,1,3,False,market_maker,informed
692,216.3527331463116,1,1,3,False,market_maker,informed
692,214.91066463762328,1,1,3,False,market_maker,informed
692,214.90076376489145,1,1,3,False,market_maker,informed
692,214.90033827042805,1,1,3,False,market_maker,informed
692,214.8978159205386,1,1,3,False,market_maker,informed
692,214.8978159205386,1,1,3,False,market_maker,informed
692,214.50648660119646,1,1,3,False,market_maker,informed
693,215.55444367053974,1,1,10,False,market_maker,uninformed
693,214.19982143665897,1,1,10,False,market_maker,uninformed
694,217.2156682719032,1,9,1,False,uninformed,market_maker
694,218.570290505784,1,9,1,False,uninformed,market_maker
696,217.71907871283733,1,1,3,False,market_maker,informed
696,217.67168526086184,1,1,3,False,market_maker,informed
699,218.12593239172728,1,3,1,True,informed,market_maker
699,218.34478811995237,1,3,1,True,informed,market_maker
699,219.42150229873064,1,3,1,True,informed,market_maker
699,219.46889575070614,1,3,1,True,informed,market_maker
700,220.58607062009935,1,2,1,False,informed,market_maker
702,221.8068506636171,1,4,1,False,informed,market_maker
702,222.14275309041082,1,4,1,False,informed,market_maker
702,220.35389721082626,1,1,5,False,market_maker,uninformed
705,220.02704878844187,1,1,15,False,market_maker,uninformed
705,219.9483451286506,1,1,15,False,market_maker,uninformed
707,218.79065867281435,1,1,15,False,market_maker,uninformed
707,216.5632390312496,1,1,15,False,market_maker,uninformed
707,216.34718673232348,1,1,15,False,market_maker,uninformed
714,216.88924821033245,1,3,1,True,informed,market_maker
714,216.92152316858125,1,3,1,True,informed,market_maker
714,216.95089648790636,1,3,1,True,informed,market_maker
714,216.97442488411096,1,3,1,True,informed,market_maker
714,217.00375836932818,1,3,1,True,informed,market_maker
714,217.061512644806,1,3,1,True,informed,market_maker
714,221.64086488184523,1,3,1,True,informed,market_maker
715,223.072960695074,1,3,1,True,informed,market_maker
717,223.74420555451618,1,1,13,False,market_maker,uninformed
717,222.96431847311118,1,1,13,False,market_maker,uninformed
718,222.80816560834862,1,1,15,False,market_maker,uninformed
718,221.53861425790754,1,1,15,False,market_maker,uninformed
718,215.41651363310865,1,1,15,False,market_maker,uninformed
719,221.0236233067173,1,5,1,False,uninformed,market_maker
719,224.58926661121077,1,5,1,False,uninformed,market_maker
720,223.35946723660157,1,4,1,True,informed,market_maker
720,224.7431136419023,1,4,1,True,informed,market_maker
720,225.53020257289987,1,4,1,True,informed,market_maker
721,227.2549304352935,1,10,1,False,uninformed,market_maker
723,228.0960229690388,1,1,14,False,market_maker,uninformed
723,227.1904241155644,1,1,14,False,market_maker,uninformed
723,225.38418612851655,1,1,14,False,market_maker,uninformed
724,224.9309600793927,1,1,11,False,market_maker,uninformed
724,226.86837692454904,1,14,1,False,uninformed,market_maker
726,224.9066341058263,1,1,15,False,market_maker,uninformed
728,225.6502102799384,1,13,1,False,uninformed,market_maker
728,226.89270289811543,1,13,1,False,uninformed,market_maker
729,228.0444697473363,1,13,1,False,uninformed,market_maker
729,229.1374761985049,1,13,1,False,uninformed,market_maker
730,228.03418567275205,1,1,5,False,market_maker,uninformed
730,226.1259700117425,1,1,5,False,market_maker,uninformed
732,228.47106913963762,1,9,1,False,uninformed,market_maker
732,227.20969693106622,1,1,12,False,market_maker,uninformed
732,226.53810903121337,1,1,14,False,market_maker,uninformed
734,227.95744179848379,1,3,1,True,informed,market_maker
734,228.5334574209294,1,3,1,True,informed,market_maker
734,229.1645087742973,1,3,1,True,informed,market_maker
734,229.9737059211093,1,3,1,True,informed,market_maker
734,230.05718894628677,1,3,1,True,informed,market_maker
735,232.12385406175198,1,8,1,False,uninformed,market_maker
738,234.34393907627037,1,1,1,False,market_maker,market_maker
740,235.64025785783411,1,1,1,False,market_maker,market_maker
742,236.27928138800988,1,1,1,False,market_maker,market_maker
743,236.88422204209581,1,7,1,False,uninformed,market_maker
743,237.55214030372406,1,7,1,False,uninformed,market_maker
743,237.84134487210414,1,14,1,False,uninformed,market_maker
743,238.35504735775834,1,14,1,False,uninformed,market_maker
744,240.9686509921555,1,8,1,False,uninformed,market_maker
746,243.73613624138767,1,1,1,False,market_maker,market_maker
747,245.70071846521836,1,3,1,False,informed,market_maker
747,246.66613200408966,1,3,1,False,informed,market_maker
749,249.74078950791574,1,5,1,False,uninformed,market_maker
751,251.25719079097345,1,1,3,True,market_maker,informed
751,248.03146487633722,1,1,3,True,market_maker,informed
751,244.99330968091863,1,1,3,True,market_maker,informed
751,242.0566641587978,1,1,3,True,market_maker,informed
751,252.9694632255084,1,11,1,False,uninformed,market_maker
751,239.31676943372756,1,1,12,False,market_maker,uninformed
751,236.09611534312327,1,1,14,False,market_maker,uninformed
751,235.0657809841706,1,1,14,False,market_maker,uninformed
751,233.7282185481991,1,1,14,False,market_maker,uninformed
754,235.1809882065568,1,1,3,True,market_maker,informed
754,234.32395652072955,1,1,3,True,market_maker,informed
754,232.45713144191285,1,1,3,True,market_maker,informed
754,230.2910957202844,1,1,3,True,market_maker,informed
754,226.5726043282934,1,1,3,True,market_maker,informed
754,226.01369211595295,1,1,3,True,market_maker,informed
754,223.67452754933038,1,1,3,True,market_maker,informed
754,235.93721919824702,1,15,1,False,uninformed,market_maker
755,229.08759529028458,1,1,6,False,market_maker,uninformed
755,221.53517916702305,1,1,6,False,market_maker,uninformed
757,227.28255249356025,1,7,1,False,uninformed,market_maker
757,227.75451834217526,1,7,1,False,uninformed,market_maker
757,231.72764924467333,1,7,1,False,uninformed,market_maker
757,225.04241903758114,1,1,14,False,market_maker,uninformed
759,230.562442977554,1,1,11,False,market_maker,uninformed
759,224.61059858404096,1,1,11,False,market_maker,uninformed
759,219.2635194954476,1,1,11,False,market_maker,uninformed
759,233.33744723267287,1,13,1,False,uninformed,market_maker
762,226.05644034839818,1,1,4,True,market_maker,informed
762,225.635179823506,1,1,4,True,market_maker,informed
762,215.25802889544752,1,1,4,True,market_maker,informed
762,215.23261957295662,1,1,4,True,market_maker,informed
762,215.22970324737327,1,1,4,True,market_maker,informed
762,215.22963698232465,1,1,4,True,market_maker,informed
762,215.22384656005468,1,1,4,True,market_maker,informed
763,216.25704806785618,1,7,1,False,uninformed,market_maker
763,228.43092320559953,1,7,1,False,uninformed,market_maker
763,213.54497351257302,1,1,11,False,market_maker,uninformed
764,211.85520990704572,1,1,2,True,market_maker,informed
765,210.08679308299202,1,1,6,False,market_maker,uninformed
766,208.23897924655034,1,1,7,False,market_maker,uninformed
768,206.30999812734635,1,1,7,False,market_maker,uninformed
768,208.58405015675388,1,8,1,False,uninformed,market_maker
768,209.1267654695216,1,8,1,False,uninformed,market_maker
768,211.09425974710172,1,8,1,False,uninformed,market_maker
770,207.69282234607513,1,1,3,False,market_maker,informed
770,207.39005424928905,1,1,3,False,market_maker,informed
770,205.8141215311219,1,1,3,False,market_maker,informed
773,210.1566641402245,1,3,1,True,informed,market_maker
773,210.48115701247625,1,3,1,True,informed,market_maker
773,212.98806110137826,1,3,1,True,informed,market_maker
773,214.8076471710752,1,3,1,True,informed,market_maker
773,228.91779488676556,1,3,1,True,informed,market_maker
776,230.087794177375,1,13,1,False,uninformed,market_maker
776,230.40495934124746,1,13,1,False,uninformed,market_maker
777,227.51887780126938,1,1,2,True,market_maker,informed
778,227.35918514125962,1,1,14,False,market_maker,uninformed
779,227.16545669944412,1,1,14,False,market_maker,uninformed
779,226.9729093014076,1,1,14,False,market_maker,uninformed
779,226.9729093014076,1,1,14,False,market_maker,uninformed
781,229.69814506461188,1,10,1,False,uninformed,market_maker
781,229.92850490112548,1,10,1,False,uninformed,market_maker
781,230.38670447648823,1,10,1,False,uninformed,market_maker
783,230.20193092987228,1,6,1,False,uninformed,market_maker
783,226.95492635618305,1,1,11,False,market_maker,uninformed
784,226.85050330592554,1,1,3,True,market_maker,informed
784,226.8050800605646,1,1,3,True,market_maker,informed
784,226.7587018862667,1,1,3,True,market_maker,informed
784,226.49844266988046,1,1,3,True,market_maker,informed
784,226.27151933018206,1,1,3,True,market_maker,informed
785,227.26250750574576,1,12,1,False,uninformed,market_maker
785,230.14393826543784,1,12,1,False,uninformed,market_maker
786,224.96950213837647,1,1,11,False,market_maker,uninformed
786,228.32569513994247,1,13,1,False,uninformed,market_maker
786,230.28070244865626,1,13,1,False,uninformed,market_maker
789,225.15286728683446,1,1,4,False,market_maker,informed
789,224.81559632351485,1,1,4,False,market_maker,informed
789,223.9229020386373,1,1,4,False,market_maker,informed
792,224.2182497261405,1,2,1,True,informed,market_maker
792,224.89644962568087,1,2,1,True,informed,market_maker
792,228.15030370991838,1,2,1,True,informed,market_maker
792,228.49350230098048,1,2,1,True,informed,market_maker
792,230.40495934124746,1,2,1,True,informed,market_maker
792,230.59868778306293,1,2,1,True,informed,market_maker
792,230.7936139198285,1,2,1,True,informed,market_maker
792,237.90175456673362,1,2,1,True,informed,market_maker
793,239.88394397657814,1,4,1,False,informed,market_maker
794,241.55603123595722,1,6,1,False,uninformed,market_maker
795,238.9315085491288,1,1,11,False,market_maker,uninformed
795,236.39536866602256,1,1,11,False,market_maker,uninformed
795,221.6058170393619,1,1,12,False,market_maker,uninformed
799,222.9319780580738,1,5,1,False,uninformed,market_maker
799,223.70317996965625,1,13,1,False,uninformed,market_maker
800,223.7032349534276,1,8,1,False,uninformed,market_maker
803,224.31431618586237,1,2,1,False,informed,market_maker
803,224.7625927049945,1,2,1,False,informed,market_maker
803,224.9859747618593,1,2,1,False,informed,market_maker
803,225.0971461958342,1,2,1,False,informed,market_maker
806,224.3181821067737,1,1,4,False,market_maker,informed
806,221.77173284205358,1,1,4,False,market_maker,informed
806,221.66260900165034,1,1,7,False,market_maker,uninformed
806,221.44275343839874,1,1,15,False,market_maker,uninformed
806,221.0004005241109,1,1,15,False,market_maker,uninformed
806,220.94451013890713,1,1,15,False,market_maker,uninformed
806,220.50126183768936,1,1,15,False,market_maker,uninformed
807,225.81963730342827,1,5,1,False,uninformed,market_maker
807,227.6768874544614,1,5,1,False,uninformed,market_maker
808,229.72030507044428,1,11,1,False,uninformed,market_maker
809,226.31650050084187,1,1,11,False,market_maker,uninformed
809,222.47653268941926,1,1,11,False,market_maker,uninformed
809,220.39524647142323,1,1,11,False,market_maker,uninformed
811,222.15840844319462,1,6,1,False,uninformed,market_maker
811,220.39519148765189,1,1,13,False,market_maker,uninformed
811,218.85247974612327,1,1,13,False,market_maker,uninformed
816,219.87609713026973,1,12,1,False,uninformed,market_maker
816,220.35591602092404,1,12,1,False,uninformed,market_maker
816,220.36201424747838,1,14,1,False,uninformed,market_maker
817,219.66233463304795,1,1,4,True,market_maker,informed
817,217.8288623619768,1,1,4,True,market_maker,informed
817,217.3490434713225,1,1,4,True,market_maker,informed
817,217.34294524476815,1,1,4,True,market_maker,informed
817,221.72277990465128,1,9,1,False,uninformed,market_maker
819,220.67622053139087,1,1,2,True,market_maker,informed
821,219.52460808900508,1,1,12,False,market_maker,uninformed
823,220.1235482030816,1,5,1,False,uninformed,market_maker
823,220.34236356605663,1,5,1,False,uninformed,market_maker
823,218.2678033957755,1,1,15,False,market_maker,uninformed
825,218.68883053969708,1,1,4,False,market_maker,informed
825,218.57824561712806,1,1,4,False,market_maker,informed
825,218.0480085917887,1,1,4,False,market_maker,informed
827,216.59459367425995,1,1,11,False,market_maker,uninformed
828,215.0769422650864,1,1,7,False,market_maker,uninformed
829,215.38761117887,1,2,1,False,informed,market_maker
829,217.02927211506224,1,2,1,False,informed,market_maker
829,218.62923147495025,1,2,1,False,informed,market_maker
829,220.6373744763522,1,2,1,False,informed,market_maker
829,220.74650722266435,1,2,1,False,informed,market_maker
829,221.60715675324525,1,2,1,False,informed,market_maker
829,222.76933927791168,1,2,1,False,informed,market_maker
829,213.47581169771226,1,1,5,False,market_maker,uninformed
830,214.17988466436952,1,10,1,False,uninformed,market_maker
830,212.771738731055,1,1,13,False,market_maker,uninformed
831,213.4825522032059,1,7,1,False,uninformed,market_maker
831,212.0609252589041,1,1,9,False,market_maker,uninformed
832,211.3595976382151,1,1,10,False,market_maker,uninformed
832,212.7622528795931,1,12,1,False,uninformed,market_maker
833,212.05841939208182,1,1,4,False,market_maker,informed
834,211.24519204053925,1,1,4,False,market_maker,informed
837,211.52716250514248,1,5,1,False,uninformed,market_maker
837,211.73857914259676,1,5,1,False,uninformed,market_maker
837,212.65958832423232,1,5,1,False,uninformed,market_maker
837,210.32931455440067,1,1,15,False,market_maker,uninformed
837,210.11866329815797,1,1,15,False,market_maker,uninformed
838,209.35679266896338,1,1,14,False,market_maker,uninformed
840,210.6704152640544,1,14,1,False,uninformed,market_maker
840,213.46608636710437,1,14,1,False,uninformed,market_maker
842,212.80120788049751,1,1,4,False,market_maker,informed
842,212.6866362526818,1,1,4,False,market_maker,informed
844,213.0354880075986,1,2,1,True,informed,market_maker
844,213.25091584445246,1,2,1,True,informed,market_maker
844,214.13096485371122,1,2,1,True,informed,market_maker
844,214.24553648152693,1,2,1,True,informed,market_maker
845,215.24005334332136,1,15,1,False,uninformed,market_maker
847,216.35706454500516,1,4,1,True,informed,market_maker
847,216.68696941232164,1,4,1,True,informed,market_maker
848,216.430321414759,1,1,11,False,market_maker,uninformed
848,215.08554617462104,1,1,11,False,market_maker,uninformed
848,214.76876230166752,1,1,11,False,market_maker,uninformed
850,216.8598324070541,1,7,1,False,uninformed,market_maker
850,217.06797455489706,1,7,1,False,uninformed,market_maker
850,215.50243322720652,1,1,13,False,market_maker,uninformed
851,216.19604019769193,1,1,8,False,market_maker,uninformed
851,215.2784371055369,1,1,8,False,market_maker,uninformed
852,217.7594073988346,1,9,1,False,uninformed,market_maker
853,215.28908077991875,1,1,4,False,market_maker,informed
853,213.67951069269552,1,1,4,False,market_maker,informed
853,211.6969833884058,1,1,4,False,market_maker,informed
853,211.48746332602684,1,1,4,False,market_maker,informed
855,211.8971506191094,1,3,1,True,informed,market_maker
856,210.51509292045193,1,1,4,False,market_maker,informed
856,210.3378871424982,1,1,4,False,market_maker,informed
857,212.00278860704074,1,4,1,True,informed,market_maker
857,212.0368588049497,1,4,1,True,informed,market_maker
857,216.84918873267227,1,4,1,True,informed,market_maker
857,218.0270522569459,1,4,1,True,informed,market_maker
860,218.99266109425884,1,14,1,False,uninformed,market_maker
860,219.2257881430927,1,14,1,False,uninformed,market_maker
860,219.22600311925336,1,14,1,False,uninformed,market_maker
862,220.61422766146893,1,2,1,False,informed,market_maker
864,220.21142844391252,1,1,2,False,market_maker,informed
864,218.71468258951484,1,1,2,False,market_maker,informed
864,217.2794704718899,1,1,2,False,market_maker,informed
864,217.26447948883913,1,1,2,False,market_maker,informed
864,217.26426451267847,1,1,2,False,market_maker,informed
864,210.23224915456686,1,1,2,False,market_maker,informed
869,211.03178947727463,1,2,1,True,informed,market_maker
869,211.13969752062414,1,2,1,True,informed,market_maker
869,211.13994217706917,1,2,1,True,informed,market_maker
869,211.14376075665072,1,2,1,True,informed,market_maker
869,222.1200980173327,1,2,1,True,informed,market_maker
871,221.61070492650887,1,1,6,False,market_maker,uninformed
872,221.5014549513847,1,1,11,False,market_maker,uninformed
873,221.3900729613325,1,1,13,False,market_maker,uninformed
873,221.38323866063922,1,1,13,False,market_maker,uninformed
875,215.15588085063627,1,1,3,True,market_maker,informed
875,215.10377651524522,1,1,3,True,market_maker,informed
875,209.22247658270453,1,1,3,True,market_maker,informed
875,208.90444140632505,1,1,3,True,market_maker,informed
875,208.90419674988001,1,1,3,True,market_maker,informed
875,208.90037817029847,1,1,3,True,market_maker,informed
876,206.94184503583713,1,1,2,False,market_maker,informed
878,204.88663844602837,1,1,11,False,market_maker,uninformed
879,202.74956195462067,1,1,12,False,market_maker,uninformed
880,203.1430596517335,1,3,1,False,informed,market_maker
880,205.38462182986785,1,3,1,False,informed,market_maker
880,207.54845871039504,1,3,1,False,informed,market_maker
880,209.60550903573804,1,14,1,False,uninformed,market_maker
880,217.81203349816377,1,14,1,False,uninformed,market_maker
880,217.86413783355482,1,14,1,False,uninformed,market_maker
884,210.45547702713557,1,1,13,False,market_maker,uninformed
884,210.01938534474567,1,1,13,False,market_maker,uninformed
884,209.92386020438758,1,1,13,False,market_maker,uninformed
884,200.53131819991626,1,1,13,False,market_maker,uninformed
885,198.5390555773543,1,1,3,False,market_maker,informed
889,196.33014160580151,1,1,4,False,market_maker,informed
889,195.54482103937832,1,1,4,False,market_maker,informed
889,195.15131865737254,1,1,4,False,market_maker,informed
889,197.96306878397337,1,13,1,False,uninformed,market_maker
889,198.3630184758711,1,13,1,False,uninformed,market_maker
889,199.15965710428824,1,13,1,False,uninformed,market_maker
889,201.11986159507882,1,14,1,False,uninformed,market_maker
889,212.8819503408122,1,14,1,False,uninformed,market_maker
889,212.985494976069,1,14,1,False,uninformed,market_maker
893,211.1270399657486,1,1,2,True,market_maker,informed
893,210.03439236648452,1,1,2,True,market_maker,informed
893,210.03439236648452,1,1,2,True,market_maker,informed
896,207.61899685426994,1,1,10,False,market_maker,uninformed
896,206.78852086685285,1,1,10,False,market_maker,uninformed
896,206.4036349748992,1,1,10,False,market_maker,uninformed
897,206.78107933063677,1,9,1,False,uninformed,market_maker
898,204.0604882170533,1,1,10,False,market_maker,uninformed
898,203.75575063443773,1,1,10,False,market_maker,uninformed
901,201.0347884832795,1,1,15,False,market_maker,uninformed
901,199.92560312549534,1,1,15,False,market_maker,uninformed
903,197.14624279377895,1,1,5,False,market_maker,uninformed
906,194.6190181797005,1,12,1,False,uninformed,market_maker
906,195.42287908086087,1,12,1,False,uninformed,market_maker
909,195.61696451201965,1,2,1,True,informed,market_maker
909,197.02840956816945,1,2,1,True,informed,market_maker
909,199.9060050134548,1,2,1,True,informed,market_maker
909,202.71043054219928,1,2,1,True,informed,market_maker
909,204.0316437779827,1,2,1,True,informed,market_maker
909,207.1007404320088,1,2,1,True,informed,market_maker
909,209.47161484200655,1,2,1,True,informed,market_maker
909,209.92643468880814,1,2,1,True,informed,market_maker
910,201.30851849611855,1,1,6,False,market_maker,uninformed
910,194.3068823774818,1,1,6,False,market_maker,uninformed
911,198.1982378468603,1,5,1,False,uninformed,market_maker
911,202.75518563333736,1,5,1,False,uninformed,market_maker
911,210.7695127397672,1,5,1,False,uninformed,market_maker
912,205.34966162962556,1,2,1,True,informed,market_maker
912,213.18486380492718,1,2,1,True,informed,market_maker
912,213.21673164476456,1,2,1,True,informed,market_maker
912,213.21673164476456,1,2,1,True,informed,market_maker
912,213.77902251150905,1,2,1,True,informed,market_maker
912,223.7454377660955,1,2,1,True,informed,market_maker
912,224.18373214182898,1,2,1,True,informed,market_maker
912,224.29491448999016,1,2,1,True,informed,market_maker
912,224.40822885307935,1,3,1,True,informed,market_maker
915,226.65231114161014,1,3,1,False,informed,market_maker
915,227.21894191946416,1,3,1,False,informed,market_maker
916,226.3107903533418,1,1,11,False,market_maker,uninformed
916,223.844403178086,1,1,11,False,market_maker,uninformed
916,223.28618770881394,1,1,11,False,market_maker,uninformed
916,229.71762607902278,1,12,1,False,uninformed,market_maker
918,232.0040129521413,1,2,1,False,informed,market_maker
918,228.5798273362994,1,1,7,False,market_maker,uninformed
918,203.36198216950183,1,1,7,False,market_maker,uninformed
924,205.26895109033657,1,2,1,False,informed,market_maker
924,205.70450884211232,1,2,1,False,informed,market_maker
924,205.89607008458773,1,2,1,False,informed,market_maker
924,205.9913239124086,1,2,1,False,informed,market_maker
924,206.0386888782926,1,2,1,False,informed,market_maker
924,206.0622411075784,1,2,1,False,informed,market_maker
925,203.00039502871394,1,1,4,True,market_maker,informed
925,202.97719275825852,1,1,4,True,market_maker,informed
925,202.9305315808721,1,1,4,True,market_maker,informed
925,202.8366931145344,1,1,4,True,market_maker,informed
925,202.6479782501047,1,1,4,True,market_maker,informed
925,202.26846117734507,1,1,4,True,market_maker,informed
925,196.3458414046193,1,1,4,True,market_maker,informed
925,193.1746480359849,1,1,4,True,market_maker,informed
925,192.977398175198,1,1,5,False,market_maker,uninformed
925,192.18777006770455,1,1,5,False,market_maker,uninformed
928,190.74636179219675,1,1,3,False,market_maker,informed
928,190.74636179219675,1,1,3,False,market_maker,informed
928,193.62917834321235,1,15,1,False,uninformed,market_maker
928,193.62917834321235,1,15,1,False,uninformed,market_maker
929,192.17695950563825,1,1,15,False,market_maker,uninformed
930,190.63954382959315,1,1,10,False,market_maker,uninformed
931,189.0191077070416,1,1,4,False,market_maker,informed
931,191.8787008644855,1,13,1,False,uninformed,market_maker
931,193.52219822217774,1,13,1,False,uninformed,market_maker
933,191.9740206364003,1,1,3,False,market_maker,informed
935,194.876853609733,1,4,1,False,informed,market_maker
935,195.08139718078644,1,4,1,False,informed,market_maker
936,196.54450765964233,1,8,1,False,uninformed,market_maker
937,195.16869610602484,1,1,4,True,market_maker,informed
937,193.61828670193054,1,1,4,True,market_maker,informed
939,192.26857417027193,1,1,10,False,market_maker,uninformed
940,194.2857644372689,1,12,1,False,uninformed,market_maker
940,194.58085946932866,1,12,1,False,uninformed,market_maker
940,194.97361470884408,1,12,1,False,uninformed,market_maker
944,194.16078502308173,1,1,5,False,market_maker,uninformed
944,194.1163412252575,1,1,5,False,market_maker,uninformed
944,194.02672374826597,1,1,5,False,market_maker,uninformed
945,192.0693404083151,1,1,13,False,market_maker,uninformed
945,191.97778524049724,1,1,13,False,market_maker,uninformed
947,191.99722923603738,1,12,1,False,uninformed,market_maker
947,192.36418310664303,1,12,1,False,uninformed,market_maker
948,196.35457348303328,1,3,1,False,informed,market_maker
948,196.46014665465742,1,3,1,False,informed,market_maker
948,196.5053651425632,1,3,1,False,informed,market_maker
948,198.1168637209195,1,3,1,False,informed,market_maker
948,190.82347623338947,1,1,15,False,market_maker,uninformed
948,190.42405478531506,1,1,15,False,market_maker,uninformed
950,189.63551593331556,1,1,4,True,market_maker,informed
953,190.1598137744054,1,3,1,False,informed,market_maker
953,190.22118757054983,1,3,1,False,informed,market_maker
953,190.3434960506877,1,3,1,False,informed,market_maker
953,191.21259363731457,1,3,1,False,informed,market_maker
957,191.19803355236706,1,1,11,False,market_maker,uninformed
957,191.03299488625663,1,1,11,False,market_maker,uninformed
957,190.72284268885392,1,1,11,False,market_maker,uninformed
957,188.7379003000101,1,1,14,False,market_maker,uninformed
957,188.67066808197262,1,1,14,False,market_maker,uninformed
957,188.60979455221923,1,1,14,False,market_maker,uninformed
958,187.62386023558335,1,1,10,False,market_maker,uninformed
961,187.59039300759358,1,10,1,False,uninformed,market_maker
961,187.98145764963337,1,10,1,False,uninformed,market_maker
961,189.02989948519846,1,12,1,False,uninformed,market_maker
961,192.27598236668717,1,12,1,False,uninformed,market_maker
962,188.80340993593933,1,1,2,False,market_maker,informed
963,189.03701682333886,1,2,1,True,informed,market_maker
963,190.2526858515194,1,2,1,True,informed,market_maker
963,192.5403284068678,1,2,1,True,informed,market_maker
963,192.68590716645616,1,4,1,True,informed,market_maker
965,193.74112156503756,1,7,1,False,uninformed,market_maker
965,194.09798353871565,1,7,1,False,uninformed,market_maker
968,195.40701841277567,1,15,1,False,uninformed,market_maker
968,195.8871799597892,1,15,1,False,uninformed,market_maker
969,195.78708336126965,1,1,3,False,market_maker,informed
969,194.25219317782347,1,1,3,False,market_maker,informed
969,193.7594385823492,1,1,3,False,market_maker,informed
969,192.43081332377767,1,1,3,False,market_maker,informed
969,192.20875048937413,1,1,3,False,market_maker,informed
969,187.54305218215544,1,1,3,False,market_maker,informed
969,186.51576738059097,1,1,3,False,market_maker,informed
969,186.15783757257034,1,1,3,False,market_maker,informed
969,197.35848681802725,1,10,1,False,uninformed,market_maker
971,196.56364116159304,1,1,3,True,market_maker,informed
971,196.56324228068044,1,1,3,True,market_maker,informed
972,197.158006413325,1,2,1,False,informed,market_maker
972,198.15333247446145,1,2,1,False,informed,market_maker
972,198.15373135537405,1,2,1,False,informed,market_maker
972,195.5753516634745,1,1,7,False,market_maker,uninformed
973,194.78387583948393,1,1,3,False,market_maker,informed
977,195.30788234989473,1,11,1,False,uninformed,market_maker
977,195.3314187853131,1,11,1,False,uninformed,market_maker
978,195.37862773095992,1,3,1,True,informed,market_maker
978,195.4730036945779,1,3,1,True,informed,market_maker
978,195.48513139892356,1,14,1,False,uninformed,market_maker
978,196.36682748746506,1,14,1,False,uninformed,market_maker
981,197.60575154762472,1,2,1,True,informed,market_maker
981,198.10378706639887,1,2,1,True,informed,market_maker
981,198.3474383218353,1,2,1,True,informed,market_maker
983,199.87504275201795,1,15,1,False,uninformed,market_maker
985,201.42714876712466,1,14,1,False,uninformed,market_maker
985,202.3430096187976,1,14,1,False,uninformed,market_maker
986,202.7879301632943,1,1,11,False,market_maker,uninformed
987,202.90383778205694,1,1,13,False,market_maker,uninformed
987,201.0129215940061,1,1,13,False,market_maker,uninformed
987,200.1218121216794,1,1,13,False,market_maker,uninformed
988,198.40661339822734,1,1,3,False,market_maker,informed
988,196.83980835032983,1,1,3,False,market_maker,informed
988,196.59599076874952,1,1,3,False,market_maker,informed
988,196.10973756474272,1,1,3,False,market_maker,informed
988,193.9880997365065,1,1,7,False,market_maker,uninformed
988,193.89996410855045,1,1,7,False,market_maker,uninformed
988,204.12386218010764,1,10,1,False,uninformed,market_maker
988,204.25862991092737,1,10,1,False,uninformed,market_maker
993,204.41072030936783,1,1,3,False,market_maker,informed
993,204.36189134677034,1,1,3,False,market_maker,informed
993,204.2857326159061,1,1,3,False,market_maker,informed
993,204.14762004478644,1,1,3,False,market_maker,informed
993,203.87217795460018,1,1,3,False,market_maker,informed
993,193.79965358826684,1,1,3,False,market_maker,informed
993,193.7525337582775,1,1,3,False,market_maker,informed
993,193.7288848525219,1,1,3,False,market_maker,informed
996,194.25961979912734,1,14,1,False,uninformed,market_maker
996,205.25785775698736,1,15,1,False,uninformed,market_maker
996,205.59611072036847,1,15,1,False,uninformed,market_maker
998,197.7401148496639,1,1,3,True,market_maker,informed
998,192.22950548165386,1,1,3,True,market_maker,informed
999,190.79374808052725,1,1,2,False,market_maker,informed
1001,189.2045401347482,1,1,12,False,market_maker,uninformed
1001,188.72982507152446,1,1,12,False,market_maker,uninformed
1002,189.16717283782617,1,2,1,True,informed,market_maker
1003,187.2938391377837,1,1,11,False,market_maker,uninformed
1003,186.9713685297221,1,1,11,False,market_maker,uninformed
1004,187.3074501321427,1,2,1,True,informed,market_maker
1004,185.1395159790637,1,1,5,False,market_maker,uninformed
1007,185.47177407549805,1,3,1,True,informed,market_maker
1007,189.49587746133332,1,3,1,True,informed,market_maker
1007,190.9521185305758,1,3,1,True,informed,market_maker
1007,191.42898728590367,1,3,1,True,informed,market_maker
1007,192.89634486085387,1,3,1,True,informed,market_maker
1007,199.8252806756761,1,3,1,True,informed,market_maker
1007,205.7338534025704,1,3,1,True,informed,market_maker
1007,205.7960144116825,1,3,1,True,informed,market_maker
1008,205.8234584180455,1,8,1,False,uninformed,market_maker
1012,207.28199370740788,1,13,1,False,uninformed,market_maker
1014,207.54225492608697,1,2,1,True,informed,market_maker
1014,207.5422589694534,1,2,1,True,informed,market_maker
1014,207.54225901477037,1,2,1,True,informed,market_maker
1014,207.70864679484092,1,2,1,True,informed,market_maker
1014,207.77644219888995,1,2,1,True,informed,market_maker
1017,209.87129553907815,1,13,1,False,uninformed,market_maker
1017,210.60623148133885,1,13,1,False,uninformed,market_maker
1018,212.90946007673614,1,3,1,True,informed,market_maker
1019,215.2639895395389,1,3,1,True,informed,market_maker
1020,215.15202790676582,1,1,15,False,market_maker,uninformed
1021,217.58239908173383,1,2,1,True,informed,market_maker
1021,217.74385505724692,1,2,1,True,informed,market_maker
1022,220.34628300137996,1,3,1,True,informed,market_maker
1022,217.75435337380083,1,1,5,False,market_maker,uninformed
1022,214.99762059157356,1,1,5,False,market_maker,uninformed
1022,212.68402521470074,1,1,5,False,market_maker,uninformed
1026,215.01232070088437,1,4,1,False,informed,market_maker
1026,216.1264841133405,1,4,1,False,informed,market_maker
1026,216.62621490893522,1,4,1,False,informed,market_maker
1026,216.8866057270266,1,4,1,False,informed,market_maker
1029,219.7084136049169,1,11,1,False,uninformed,market_maker
1029,221.0898289544208,1,11,1,False,uninformed,market_maker
1032,223.74268657021616,1,1,1,False,market_maker,market_maker
1032,221.9744086018962,1,1,3,False,market_maker,informed
1032,218.77746234735042,1,1,3,False,market_maker,informed
1032,217.10121032931468,1,1,3,False,market_maker,informed
1032,214.30552728865044,1,1,3,False,market_maker,informed
1032,214.03457782217734,1,1,3,False,market_maker,informed
1032,213.50588102161572,1,1,3,False,market_maker,informed
1032,212.48256998066412,1,1,3,False,market_maker,informed
1032,210.19845896927364,1,1,3,False,market_maker,informed
1033,218.43339428631253,1,10,1,False,uninformed,market_maker
1033,225.53445485560252,1,10,1,False,uninformed,market_maker
1034,216.69525447329204,1,1,2,True,market_maker,informed
1034,207.8606136300594,1,1,2,True,market_maker,informed
1034,207.136023954094,1,1,2,True,market_maker,informed
1034,204.99457137429928,1,1,2,True,market_maker,informed
1034,204.74867231581138,1,1,2,True,market_maker,informed
1034,204.57074658710116,1,1,2,True,market_maker,informed
1034,204.51641173856933,1,1,2,True,market_maker,informed
1034,204.5164076952029,1,1,2,True,market_maker,informed
1036,205.7744284536736,1,10,1,False,uninformed,market_maker
1036,206.8891541052199,1,10,1,False,uninformed,market_maker
1038,206.16276628515647,1,1,11,False,market_maker,uninformed
1038,205.7512637576412,1,1,11,False,market_maker,uninformed
1038,204.51640764988593,1,1,11,False,market_maker,uninformed
1038,203.8119728344432,1,1,15,False,market_maker,uninformed
1038,203.66741975212258,1,1,15,False,market_maker,uninformed
1039,194.52164844071208,1,1,4,False,market_maker,informed
1039,183.32614175479682,1,1,4,False,market_maker,informed
1039,197.4630040118922,1,10,1,False,uninformed,market_maker
1042,198.54776702443152,1,14,1,False,uninformed,market_maker
1042,198.7465135379695,1,14,1,False,uninformed,market_maker
1042,208.85460106921948,1,14,1,False,uninformed,market_maker
1043,204.14866688957113,1,5,1,False,uninformed,market_maker
1044,206.93565325007904,1,2,1,False,informed,market_maker
1044,209.27231027135792,1,2,1,False,informed,market_maker
1045,208.12131256486546,1,1,10,False,market_maker,uninformed
1045,203.85778037080172,1,1,10,False,market_maker,uninformed
1045,201.11074029895252,1,1,10,False,market_maker,uninformed
1045,211.26039721893582,1,14,1,False,uninformed,market_maker
1047,195.7845684777911,1,1,4,False,market_maker,informed
1047,195.58878390931332,1,1,4,False,market_maker,informed
1049,197.05569978863318,1,4,1,False,informed,market_maker
1049,197.05569978863318,1,4,1,False,informed,market_maker
1049,194.12186802999346,1,1,6,False,market_maker,uninformed
1051,194.12186802999346,1,1,2,False,market_maker,informed
1051,193.53406701359862,1,1,2,False,market_maker,informed
1051,192.7630149537835,1,1,2,False,market_maker,informed
1056,194.01597455098312,1,2,1,False,informed,market_maker
1056,195.6748429742334,1,2,1,False,informed,market_maker
1056,196.45754234613034,1,2,1,False,informed,market_maker
1057,191.12452932667634,1,1,14,False,market_maker,uninformed
1060,192.4094741325974,1,3,1,False,informed,market_maker
1060,192.41275267198984,1,3,1,False,informed,market_maker
1063,193.89888351967844,1,2,1,False,informed,market_maker
1063,194.0563207859636,1,2,1,False,informed,market_maker
1063,191.53922039420937,1,1,15,False,market_maker,uninformed
1064,193.06577998515104,1,3,1,False,informed,market_maker
1066,192.61807398473428,1,1,3,True,market_maker,informed
1066,192.231476115204,1,1,3,True,market_maker,informed
1066,191.31144732964523,1,1,3,True,market_maker,informed
1066,190.58727846445032,1,1,3,True,market_maker,informed
1066,189.83958452075527,1,1,3,True,market_maker,informed
1066,189.83630598136284,1,1,3,True,market_maker,informed
1067,188.44737176246556,1,1,3,True,market_maker,informed
1073,188.56047378150123,1,5,1,False,uninformed,market_maker
1073,188.7165491470181,1,5,1,False,uninformed,market_maker
1075,188.89222091829998,1,9,1,False,uninformed,market_maker
1075,189.0030857897856,1,9,1,False,uninformed,market_maker
1077,188.35430334160262,1,1,4,True,market_maker,informed
1077,187.32631561985812,1,1,4,True,market_maker,informed
1077,187.2490157906389,1,1,4,True,market_maker,informed
1077,187.04835816051116,1,1,4,True,market_maker,informed
1077,186.91832668822468,1,1,4,True,market_maker,informed
1082,185.8722917716983,1,1,3,False,market_maker,informed
1082,185.47971654458448,1,1,3,False,market_maker,informed
1082,185.3040670831449,1,1,6,False,market_maker,uninformed
1082,185.22691333945767,1,1,6,False,market_maker,uninformed
1082,185.17831045617876,1,1,6,False,market_maker,uninformed
1084,184.18701321265905,1,3,1,True,informed,market_maker
1084,185.01946091777256,1,3,1,True,informed,market_maker
1084,186.53516619719122,1,3,1,True,informed,market_maker
1084,186.58610166855215,1,3,1,True,informed,market_maker
1084,186.6858394988526,1,3,1,True,informed,market_maker
1084,186.86308556497258,1,3,1,True,informed,market_maker
1086,185.55449023938235,1,2,1,False,informed,market_maker
1086,185.82437662053465,1,2,1,False,informed,market_maker
1086,187.21668829799816,1,2,1,False,informed,market_maker
1086,190.00666580815695,1,2,1,False,informed,market_maker
1086,190.84556758829737,1,2,1,False,informed,market_maker
1086,194.67234697503866,1,2,1,False,informed,market_maker
1086,195.0595567516889,1,2,1,False,informed,market_maker
1088,184.5065360126952,1,1,13,False,market_maker,uninformed
1088,184.22092602489766,1,1,13,False,market_maker,uninformed
1088,183.67055520047938,1,1,13,False,market_maker,uninformed
1089,182.85150860295002,1,1,5,False,market_maker,uninformed
1089,182.84389783306074,1,1,6,False,market_maker,uninformed
1094,181.6205260807527,1,1,2,False,market_maker,informed
1097,180.31587256829218,1,1,11,False,market_maker,uninformed
1098,178.93556022638003,1,1,5,False,market_maker,uninformed
1101,179.14305560550656,1,8,1,False,uninformed,market_maker
1101,179.32282842653828,1,8,1,False,uninformed,market_maker
1101,179.68059136412708,1,8,1,False,uninformed,market_maker
1101,181.15523729249944,1,14,1,False,uninformed,market_maker
1102,181.12928398576005,1,12,1,False,uninformed,market_maker
1103,182.56193854105172,1,2,1,False,informed,market_maker
1103,183.88442568753572,1,2,1,False,informed,market_maker
1103,184.67327235320923,1,2,1,False,informed,market_maker
1105,184.2415959463243,1,1,7,False,market_maker,uninformed
1105,183.89666204169407,1,1,14,False,market_maker,uninformed
1105,178.90744140301913,1,1,14,False,market_maker,uninformed
1107,181.0085392461825,1,1,12,False,market_maker,uninformed
1107,180.77168123412218,1,1,12,False,market_maker,uninformed
1107,177.47478684772747,1,1,12,False,market_maker,uninformed
1109,180.43449928412826,1,5,1,False,uninformed,market_maker
1109,180.8833582812823,1,5,1,False,uninformed,market_maker
1109,178.98240388237969,1,1,8,False,market_maker,uninformed
1109,178.89332156507197,1,1,8,False,market_maker,uninformed
1109,177.1182390288926,1,1,8,False,market_maker,uninformed
1109,176.94096443821064,1,1,10,False,market_maker,uninformed
1113,175.8744480305656,1,1,10,False,market_maker,uninformed
1113,175.49640435330147,1,1,10,False,market_maker,uninformed
1113,175.3336061679717,1,1,10,False,market_maker,uninformed
1113,175.2519728409927,1,1,12,False,market_maker,uninformed
1114,173.8198243604161,1,1,4,True,market_maker,informed
1114,175.28210553884136,1,11,1,False,uninformed,market_maker
1115,173.85022771354704,1,1,10,False,market_maker,uninformed
1119,172.34304903416526,1,1,2,True,market_maker,informed
1119,171.56397454243302,1,1,2,True,market_maker,informed
1119,171.1801709440017,1,1,2,True,market_maker,informed
1119,170.98969055189588,1,1,2,True,market_maker,informed
1120,169.16725963889144,1,1,3,False,market_maker,informed
1121,170.58925548772567,1,12,1,False,uninformed,market_maker
1121,172.42399942493086,1,12,1,False,uninformed,market_maker
1124,170.6759860048368,1,1,1,False,market_maker,market_maker
1124,169.60820741630815,1,1,4,False,market_maker,informed
1124,169.18158523291686,1,1,4,False,market_maker,informed
1124,171.1140299753138,1,7,1,False,uninformed,market_maker
1124,172.10292485192574,1,9,1,False,uninformed,market_maker
1124,172.62298810980934,1,9,1,False,uninformed,market_maker
1125,173.01421772003965,1,5,1,False,uninformed,market_maker
1125,173.7927543435069,1,5,1,False,uninformed,market_maker
1125,175.31172651982496,1,5,1,False,uninformed,market_maker
1126,173.9106284131174,1,1,4,True,market_maker,informed
1126,175.31033081437394,1,14,1,False,uninformed,market_maker
1128,173.88170551629048,1,1,7,False,market_maker,uninformed
1130,172.3987880674144,1,1,2,True,market_maker,informed
1132,170.8423815433839,1,1,9,False,market_maker,uninformed
1132,169.9816188345322,1,1,9,False,market_maker,uninformed
1133,169.65433035127512,1,10,1,False,uninformed,market_maker
1133,171.37660147835166,1,10,1,False,uninformed,market_maker
1135,169.24685200895158,1,11,1,False,uninformed,market_maker
1136,168.70125270892518,1,1,15,False,market_maker,uninformed
1136,168.26912789177493,1,1,15,False,market_maker,uninformed
1136,167.94532072854878,1,1,15,False,market_maker,uninformed
1136,167.85699175593368,1,1,15,False,market_maker,uninformed
1138,169.32792195280126,1,10,1,False,uninformed,market_maker
1138,170.09658022060776,1,10,1,False,uninformed,market_maker
1138,172.23120671077072,1,10,1,False,uninformed,market_maker
1139,170.66122612738204,1,1,2,True,market_maker,informed
1141,168.95892165146486,1,1,7,False,market_maker,uninformed
1141,170.48625711589798,1,11,1,False,uninformed,market_maker
1145,168.82105880973373,1,1,1,False,market_maker,market_maker
